{
 "1000PEPE/USDT:USDT": [],
 "AAVE/USDT:USDT": [],
 "ADA/USDT:USDT": [
  {
   "id": "583472f",
   "order": null,
   "symbol": "ADA/USDT:USDT",
   "timestamp": 1778079032028,
   "datetime": "2026-05-06T14:50:32.028Z",
   "side": "buy",
   "takerOrMaker": null,
   "price": 0.2665,
   "amount": 375.23,
   "cost": 99.998795,
   "fee_cost": 0.00999988,
   "fee_currency": "USDT",
   "fee_rate": 0.0001,
   "info_execFeeRv": "0.00999988",
   "info_feeRateRr": "0.0001",
   "info_execStatus": "6",
   "info_ordType": "2"
  },
  {
   "id": "39c1702",
   "order": null,
   "symbol": "ADA/USDT:USDT",
   "timestamp": 1778080435061,
   "datetime": "2026-05-06T15:13:55.061Z",
   "side": "sell",
   "takerOrMaker": null,
   "price": 0.2658,
   "amount": 375.23,
   "cost": 99.736134,
   "fee_cost": 0.05984168,
   "fee_currency": "USDT",
   "fee_rate": 0.0006,
   "info_execFeeRv": "0.05984168",
   "info_feeRateRr": "0.0006",
   "info_execStatus": "7",
   "info_ordType": "1"
  },
  {
   "id": "2efece0",
   "order": null,
   "symbol": "ADA/USDT:USDT",
   "timestamp": 1780960623478,
   "datetime": "2026-06-08T23:17:03.478Z",
   "side": "buy",
   "takerOrMaker": null,
   "price": 0.1719,
   "amount": 581.73,
   "cost": 99.999387,
   "fee_cost": 0.00999994,
   "fee_currency": "USDT",
   "fee_rate": 0.0001,
   "info_execFeeRv": "0.00999994",
   "info_feeRateRr": "0.0001",
   "info_execStatus": "6",
   "info_ordType": "2"
  },
  {
   "id": "2916d89",
   "order": null,
   "symbol": "ADA/USDT:USDT",
   "timestamp": 1780962442773,
   "datetime": "2026-06-08T23:47:22.773Z",
   "side": "sell",
   "takerOrMaker": null,
   "price": 0.1698,
   "amount": 581.73,
   "cost": 98.777754,
   "fee_cost": 0.05926665,
   "fee_currency": "USDT",
   "fee_rate": 0.0006,
   "info_execFeeRv": "0.05926665",
   "info_feeRateRr": "0.0006",
   "info_execStatus": "7",
   "info_ordType": "3"
  }
 ],
 "AIGENSYN/USDT:USDT": [
  {
   "id": "66af1c1",
   "order": null,
   "symbol": "AIGENSYN/USDT:USDT",
   "timestamp": 1777846705181,
   "datetime": "2026-05-03T22:18:25.181Z",
   "side": "buy",
   "takerOrMaker": null,
   "price": 0.03853,
   "amount": 2604.0,
   "cost": 100.33212,
   "fee_cost": 0.01003321,
   "fee_currency": "USDT",
   "fee_rate": 0.0001,
   "info_execFeeRv": "0.01003321",
   "info_feeRateRr": "0.0001",
   "info_execStatus": "6",
   "info_ordType": "2"
  },
  {
   "id": "fea8235",
   "order": null,
   "symbol": "AIGENSYN/USDT:USDT",
   "timestamp": 1777846791836,
   "datetime": "2026-05-03T22:19:51.836Z",
   "side": "sell",
   "takerOrMaker": null,
   "price": 0.03802,
   "amount": 2604.0,
   "cost": 99.00408,
   "fee_cost": 0.05940245,
   "fee_currency": "USDT",
   "fee_rate": 0.0006,
   "info_execFeeRv": "0.05940245",
   "info_feeRateRr": "0.0006",
   "info_execStatus": "7",
   "info_ordType": "3"
  }
 ],
 "APT/USDT:USDT": [
  {
   "id": "fa52aa6",
   "order": null,
   "symbol": "APT/USDT:USDT",
   "timestamp": 1778069566904,
   "datetime": "2026-05-06T12:12:46.904Z",
   "side": "buy",
   "takerOrMaker": null,
   "price": 1.0444,
   "amount": 95.7,
   "cost": 99.94908,
   "fee_cost": 0.00999491,
   "fee_currency": "USDT",
   "fee_rate": 0.0001,
   "info_execFeeRv": "0.00999491",
   "info_feeRateRr": "0.0001",
   "info_execStatus": "6",
   "info_ordType": "2"
  },
  {
   "id": "913dd47",
   "order": null,
   "symbol": "APT/USDT:USDT",
   "timestamp": 1778072846481,
   "datetime": "2026-05-06T13:07:26.481Z",
   "side": "sell",
   "takerOrMaker": null,
   "price": 1.0317,
   "amount": 95.7,
   "cost": 98.73369,
   "fee_cost": 0.05924021,
   "fee_currency": "USDT",
   "fee_rate": 0.0006,
   "info_execFeeRv": "0.05924021",
   "info_feeRateRr": "0.0006",
   "info_execStatus": "7",
   "info_ordType": "3"
  }
 ],
 "ARB/USDT:USDT": [
  {
   "id": "dcdd4bb",
   "order": null,
   "symbol": "ARB/USDT:USDT",
   "timestamp": 1778254016145,
   "datetime": "2026-05-08T15:26:56.145Z",
   "side": "buy",
   "takerOrMaker": null,
   "price": 0.1343,
   "amount": 372.0,
   "cost": 49.9596,
   "fee_cost": 0.00499596,
   "fee_currency": "USDT",
   "fee_rate": 0.0001,
   "info_execFeeRv": "0.00499596",
   "info_feeRateRr": "0.0001",
   "info_execStatus": "6",
   "info_ordType": "2"
  },
  {
   "id": "20e23ea",
   "order": null,
   "symbol": "ARB/USDT:USDT",
   "timestamp": 1778254988166,
   "datetime": "2026-05-08T15:43:08.166Z",
   "side": "sell",
   "takerOrMaker": null,
   "price": 0.1364,
   "amount": 372.0,
   "cost": 50.7408,
   "fee_cost": 0.00507408,
   "fee_currency": "USDT",
   "fee_rate": 0.0001,
   "info_execFeeRv": "0.00507408",
   "info_feeRateRr": "0.0001",
   "info_execStatus": "6",
   "info_ordType": "6"
  },
  {
   "id": "b5f36f5",
   "order": null,
   "symbol": "ARB/USDT:USDT",
   "timestamp": 1778736418770,
   "datetime": "2026-05-14T05:26:58.770Z",
   "side": "sell",
   "takerOrMaker": null,
   "price": 0.1295,
   "amount": 773.0,
   "cost": 100.1035,
   "fee_cost": 0.01001035,
   "fee_currency": "USDT",
   "fee_rate": 0.0001,
   "info_execFeeRv": "0.01001035",
   "info_feeRateRr": "0.0001",
   "info_execStatus": "6",
   "info_ordType": "2"
  },
  {
   "id": "a1075cc",
   "order": null,
   "symbol": "ARB/USDT:USDT",
   "timestamp": 1778745600578,
   "datetime": "2026-05-14T08:00:00.578Z",
   "side": "sell",
   "takerOrMaker": null,
   "price": 0.1298,
   "amount": 773.0,
   "cost": 100.3354,
   "fee_cost": -0.01003354,
   "fee_currency": "USDT",
   "fee_rate": -0.0001,
   "info_execFeeRv": "-0.01003354",
   "info_feeRateRr": "-0.0001",
   "info_execStatus": "0",
   "info_ordType": "0"
  },
  {
   "id": "5d79eba",
   "order": null,
   "symbol": "ARB/USDT:USDT",
   "timestamp": 1778753982469,
   "datetime": "2026-05-14T10:19:42.469Z",
   "side": "buy",
   "takerOrMaker": null,
   "price": 0.1298,
   "amount": 773.0,
   "cost": 100.3354,
   "fee_cost": 0.06020124,
   "fee_currency": "USDT",
   "fee_rate": 0.0006,
   "info_execFeeRv": "0.06020124",
   "info_feeRateRr": "0.0006",
   "info_execStatus": "7",
   "info_ordType": "1"
  },
  {
   "id": "2e57883",
   "order": null,
   "symbol": "ARB/USDT:USDT",
   "timestamp": 1779954952609,
   "datetime": "2026-05-28T07:55:52.609Z",
   "side": "sell",
   "takerOrMaker": null,
   "price": 0.1028,
   "amount": 971.0,
   "cost": 99.8188,
   "fee_cost": 0.00998188,
   "fee_currency": "USDT",
   "fee_rate": 0.0001,
   "info_execFeeRv": "0.00998188",
   "info_feeRateRr": "0.0001",
   "info_execStatus": "6",
   "info_ordType": "2"
  },
  {
   "id": "d3ca1c8",
   "order": null,
   "symbol": "ARB/USDT:USDT",
   "timestamp": 1779955200843,
   "datetime": "2026-05-28T08:00:00.843Z",
   "side": "sell",
   "takerOrMaker": null,
   "price": 0.1031,
   "amount": 971.0,
   "cost": 100.1101,
   "fee_cost": -0.01001101,
   "fee_currency": "USDT",
   "fee_rate": -0.0001,
   "info_execFeeRv": "-0.01001101",
   "info_feeRateRr": "-0.0001",
   "info_execStatus": "0",
   "info_ordType": "0"
  },
  {
   "id": "25abe65",
   "order": null,
   "symbol": "ARB/USDT:USDT",
   "timestamp": 1779965830673,
   "datetime": "2026-05-28T10:57:10.673Z",
   "side": "buy",
   "takerOrMaker": null,
   "price": 0.1022,
   "amount": 958.0,
   "cost": 97.9076,
   "fee_cost": 0.05874456,
   "fee_currency": "USDT",
   "fee_rate": 0.0006,
   "info_execFeeRv": "0.05874456",
   "info_feeRateRr": "0.0006",
   "info_execStatus": "7",
   "info_ordType": "1"
  },
  {
   "id": "b6f300d",
   "order": null,
   "symbol": "ARB/USDT:USDT",
   "timestamp": 1779965830673,
   "datetime": "2026-05-28T10:57:10.673Z",
   "side": "buy",
   "takerOrMaker": null,
   "price": 0.1022,
   "amount": 13.0,
   "cost": 1.3286,
   "fee_cost": 0.00079716,
   "fee_currency": "USDT",
   "fee_rate": 0.0006,
   "info_execFeeRv": "0.00079716",
   "info_feeRateRr": "0.0006",
   "info_execStatus": "7",
   "info_ordType": "1"
  }
 ],
 "ASTER/USDT:USDT": [],
 "AVAX/USDT:USDT": [
  {
   "id": "ed7fa18",
   "order": null,
   "symbol": "AVAX/USDT:USDT",
   "timestamp": 1778279491193,
   "datetime": "2026-05-08T22:31:31.193Z",
   "side": "buy",
   "takerOrMaker": null,
   "price": 9.939,
   "amount": 5.0,
   "cost": 49.695,
   "fee_cost": 0.0049695,
   "fee_currency": "USDT",
   "fee_rate": 0.0001,
   "info_execFeeRv": "0.0049695",
   "info_feeRateRr": "0.0001",
   "info_execStatus": "6",
   "info_ordType": "2"
  },
  {
   "id": "2443446",
   "order": null,
   "symbol": "AVAX/USDT:USDT",
   "timestamp": 1778284801511,
   "datetime": "2026-05-09T00:00:01.511Z",
   "side": "buy",
   "takerOrMaker": null,
   "price": 9.902,
   "amount": 5.0,
   "cost": 49.51,
   "fee_cost": 0.004951,
   "fee_currency": "USDT",
   "fee_rate": 0.0001,
   "info_execFeeRv": "0.004951",
   "info_feeRateRr": "0.0001",
   "info_execStatus": "0",
   "info_ordType": "0"
  },
  {
   "id": "4f5a8b5",
   "order": null,
   "symbol": "AVAX/USDT:USDT",
   "timestamp": 1778289438018,
   "datetime": "2026-05-09T01:17:18.018Z",
   "side": "sell",
   "takerOrMaker": null,
   "price": 10.029,
   "amount": 5.0,
   "cost": 50.145,
   "fee_cost": 0.030087,
   "fee_currency": "USDT",
   "fee_rate": 0.0006,
   "info_execFeeRv": "0.030087",
   "info_feeRateRr": "0.0006",
   "info_execStatus": "7",
   "info_ordType": "1"
  }
 ],
 "BCH/USDT:USDT": [
  {
   "id": "64a698b",
   "order": null,
   "symbol": "BCH/USDT:USDT",
   "timestamp": 1780066220827,
   "datetime": "2026-05-29T14:50:20.827Z",
   "side": "sell",
   "takerOrMaker": null,
   "price": 298.01,
   "amount": 0.335,
   "cost": 99.83335,
   "fee_cost": 0.00998334,
   "fee_currency": "USDT",
   "fee_rate": 0.0001,
   "info_execFeeRv": "0.00998334",
   "info_feeRateRr": "0.0001",
   "info_execStatus": "6",
   "info_ordType": "2"
  },
  {
   "id": "33273d5",
   "order": null,
   "symbol": "BCH/USDT:USDT",
   "timestamp": 1780067338813,
   "datetime": "2026-05-29T15:08:58.813Z",
   "side": "buy",
   "takerOrMaker": null,
   "price": 301.64,
   "amount": 0.335,
   "cost": 101.0494,
   "fee_cost": 0.06062964,
   "fee_currency": "USDT",
   "fee_rate": 0.0006,
   "info_execFeeRv": "0.06062964",
   "info_feeRateRr": "0.0006",
   "info_execStatus": "7",
   "info_ordType": "3"
  },
  {
   "id": "2e28936",
   "order": null,
   "symbol": "BCH/USDT:USDT",
   "timestamp": 1781019761858,
   "datetime": "2026-06-09T15:42:41.858Z",
   "side": "sell",
   "takerOrMaker": null,
   "price": 203.64,
   "amount": 0.491,
   "cost": 99.98724,
   "fee_cost": 0.00999872,
   "fee_currency": "USDT",
   "fee_rate": 0.0001,
   "info_execFeeRv": "0.00999872",
   "info_feeRateRr": "0.0001",
   "info_execStatus": "6",
   "info_ordType": "2"
  },
  {
   "id": "a9d941a",
   "order": null,
   "symbol": "BCH/USDT:USDT",
   "timestamp": 1781020800317,
   "datetime": "2026-06-09T16:00:00.317Z",
   "side": "sell",
   "takerOrMaker": null,
   "price": 202.06,
   "amount": 0.491,
   "cost": 99.21146,
   "fee_cost": -0.00078972,
   "fee_currency": "USDT",
   "fee_rate": -7.96e-06,
   "info_execFeeRv": "-0.00078972",
   "info_feeRateRr": "-0.00000796",
   "info_execStatus": "0",
   "info_ordType": "0"
  },
  {
   "id": "000de8c",
   "order": null,
   "symbol": "BCH/USDT:USDT",
   "timestamp": 1781020876652,
   "datetime": "2026-06-09T16:01:16.652Z",
   "side": "buy",
   "takerOrMaker": null,
   "price": 202.36,
   "amount": 0.491,
   "cost": 99.35876,
   "fee_cost": 0.05961526,
   "fee_currency": "USDT",
   "fee_rate": 0.0006,
   "info_execFeeRv": "0.05961526",
   "info_feeRateRr": "0.0006",
   "info_execStatus": "7",
   "info_ordType": "1"
  }
 ],
 "BIO/USDT:USDT": [
  {
   "id": "700305e",
   "order": null,
   "symbol": "BIO/USDT:USDT",
   "timestamp": 1777827134784,
   "datetime": "2026-05-03T16:52:14.784Z",
   "side": "buy",
   "takerOrMaker": null,
   "price": 0.05892,
   "amount": 1696.0,
   "cost": 99.92832,
   "fee_cost": 0.00999283,
   "fee_currency": "USDT",
   "fee_rate": 0.0001,
   "info_execFeeRv": "0.00999283",
   "info_feeRateRr": "0.0001",
   "info_execStatus": "6",
   "info_ordType": "2"
  },
  {
   "id": "11d98a2",
   "order": null,
   "symbol": "BIO/USDT:USDT",
   "timestamp": 1777831656670,
   "datetime": "2026-05-03T18:07:36.670Z",
   "side": "sell",
   "takerOrMaker": null,
   "price": 0.05994,
   "amount": 1696.0,
   "cost": 101.65824,
   "fee_cost": 0.01016582,
   "fee_currency": "USDT",
   "fee_rate": 0.0001,
   "info_execFeeRv": "0.01016582",
   "info_feeRateRr": "0.0001",
   "info_execStatus": "6",
   "info_ordType": "2"
  }
 ],
 "BNB/USDT:USDT": [],
 "BTC/USDT:USDT": [
  {
   "id": "0c71c95",
   "order": null,
   "symbol": "BTC/USDT:USDT",
   "timestamp": 1777817858306,
   "datetime": "2026-05-03T14:17:38.306Z",
   "side": "buy",
   "takerOrMaker": null,
   "price": 78709.2,
   "amount": 0.001,
   "cost": 78.7092,
   "fee_cost": 0.00787092,
   "fee_currency": "USDT",
   "fee_rate": 0.0001,
   "info_execFeeRv": "0.00787092",
   "info_feeRateRr": "0.0001",
   "info_execStatus": "6",
   "info_ordType": "2"
  },
  {
   "id": "7a3bada",
   "order": null,
   "symbol": "BTC/USDT:USDT",
   "timestamp": 1777824000164,
   "datetime": "2026-05-03T16:00:00.164Z",
   "side": "buy",
   "takerOrMaker": null,
   "price": 78631.3,
   "amount": 0.001,
   "cost": 78.6313,
   "fee_cost": 0.0033607,
   "fee_currency": "USDT",
   "fee_rate": 4.274e-05,
   "info_execFeeRv": "0.0033607",
   "info_feeRateRr": "0.00004274",
   "info_execStatus": "0",
   "info_ordType": "0"
  },
  {
   "id": "3a0b61f",
   "order": null,
   "symbol": "BTC/USDT:USDT",
   "timestamp": 1777840851369,
   "datetime": "2026-05-03T20:40:51.369Z",
   "side": "sell",
   "takerOrMaker": null,
   "price": 78948.1,
   "amount": 0.001,
   "cost": 78.9481,
   "fee_cost": 0.04736886,
   "fee_currency": "USDT",
   "fee_rate": 0.0006,
   "info_execFeeRv": "0.04736886",
   "info_feeRateRr": "0.0006",
   "info_execStatus": "7",
   "info_ordType": "1"
  },
  {
   "id": "51513cb",
   "order": null,
   "symbol": "BTC/USDT:USDT",
   "timestamp": 1777849592314,
   "datetime": "2026-05-03T23:06:32.314Z",
   "side": "buy",
   "takerOrMaker": null,
   "price": 79225.0,
   "amount": 0.001,
   "cost": 79.225,
   "fee_cost": 0.0079225,
   "fee_currency": "USDT",
   "fee_rate": 0.0001,
   "info_execFeeRv": "0.0079225",
   "info_feeRateRr": "0.0001",
   "info_execStatus": "6",
   "info_ordType": "2"
  },
  {
   "id": "d88f23d",
   "order": null,
   "symbol": "BTC/USDT:USDT",
   "timestamp": 1777850383982,
   "datetime": "2026-05-03T23:19:43.982Z",
   "side": "sell",
   "takerOrMaker": null,
   "price": 78950.2,
   "amount": 0.001,
   "cost": 78.9502,
   "fee_cost": 0.04737012,
   "fee_currency": "USDT",
   "fee_rate": 0.0006,
   "info_execFeeRv": "0.04737012",
   "info_feeRateRr": "0.0006",
   "info_execStatus": "7",
   "info_ordType": "1"
  },
  {
   "id": "f7fdcb1",
   "order": null,
   "symbol": "BTC/USDT:USDT",
   "timestamp": 1778798538638,
   "datetime": "2026-05-14T22:42:18.638Z",
   "side": "buy",
   "takerOrMaker": null,
   "price": 81499.9,
   "amount": 0.001,
   "cost": 81.4999,
   "fee_cost": 0.00814999,
   "fee_currency": "USDT",
   "fee_rate": 0.0001,
   "info_execFeeRv": "0.00814999",
   "info_feeRateRr": "0.0001",
   "info_execStatus": "6",
   "info_ordType": "2"
  },
  {
   "id": "c8af398",
   "order": null,
   "symbol": "BTC/USDT:USDT",
   "timestamp": 1778803200003,
   "datetime": "2026-05-15T00:00:00.003Z",
   "side": "buy",
   "takerOrMaker": null,
   "price": 81050.8,
   "amount": 0.001,
   "cost": 81.0508,
   "fee_cost": -0.00244044,
   "fee_currency": "USDT",
   "fee_rate": -3.011e-05,
   "info_execFeeRv": "-0.00244044",
   "info_feeRateRr": "-0.00003011",
   "info_execStatus": "0",
   "info_ordType": "0"
  },
  {
   "id": "95d40a0",
   "order": null,
   "symbol": "BTC/USDT:USDT",
   "timestamp": 1778823142034,
   "datetime": "2026-05-15T05:32:22.034Z",
   "side": "sell",
   "takerOrMaker": null,
   "price": 80490.1,
   "amount": 0.001,
   "cost": 80.4901,
   "fee_cost": 0.04829406,
   "fee_currency": "USDT",
   "fee_rate": 0.0006,
   "info_execFeeRv": "0.04829406",
   "info_feeRateRr": "0.0006",
   "info_execStatus": "7",
   "info_ordType": "3"
  },
  {
   "id": "fb23fab",
   "order": null,
   "symbol": "BTC/USDT:USDT",
   "timestamp": 1779123315640,
   "datetime": "2026-05-18T16:55:15.640Z",
   "side": "sell",
   "takerOrMaker": null,
   "price": 76368.0,
   "amount": 0.001,
   "cost": 76.368,
   "fee_cost": 0.0076368,
   "fee_currency": "USDT",
   "fee_rate": 0.0001,
   "info_execFeeRv": "0.0076368",
   "info_feeRateRr": "0.0001",
   "info_execStatus": "6",
   "info_ordType": "2"
  },
  {
   "id": "0b5ebca",
   "order": null,
   "symbol": "BTC/USDT:USDT",
   "timestamp": 1779141714647,
   "datetime": "2026-05-18T22:01:54.647Z",
   "side": "buy",
   "takerOrMaker": null,
   "price": 77073.1,
   "amount": 0.001,
   "cost": 77.0731,
   "fee_cost": 0.00770731,
   "fee_currency": "USDT",
   "fee_rate": 0.0001,
   "info_execFeeRv": "0.00770731",
   "info_feeRateRr": "0.0001",
   "info_execStatus": "6",
   "info_ordType": "2"
  }
 ],
 "CFX/USDT:USDT": [
  {
   "id": "561d2c1",
   "order": null,
   "symbol": "CFX/USDT:USDT",
   "timestamp": 1778771743384,
   "datetime": "2026-05-14T15:15:43.384Z",
   "side": "buy",
   "takerOrMaker": null,
   "price": 0.0737,
   "amount": 750.0,
   "cost": 55.275,
   "fee_cost": 0.0055275,
   "fee_currency": "USDT",
   "fee_rate": 0.0001,
   "info_execFeeRv": "0.0055275",
   "info_feeRateRr": "0.0001",
   "info_execStatus": "6",
   "info_ordType": "2"
  },
  {
   "id": "633d966",
   "order": null,
   "symbol": "CFX/USDT:USDT",
   "timestamp": 1778771743385,
   "datetime": "2026-05-14T15:15:43.385Z",
   "side": "buy",
   "takerOrMaker": null,
   "price": 0.0737,
   "amount": 604.0,
   "cost": 44.5148,
   "fee_cost": 0.00445148,
   "fee_currency": "USDT",
   "fee_rate": 0.0001,
   "info_execFeeRv": "0.00445148",
   "info_feeRateRr": "0.0001",
   "info_execStatus": "6",
   "info_ordType": "2"
  },
  {
   "id": "b08135e",
   "order": null,
   "symbol": "CFX/USDT:USDT",
   "timestamp": 1778772148363,
   "datetime": "2026-05-14T15:22:28.363Z",
   "side": "sell",
   "takerOrMaker": null,
   "price": 0.0736,
   "amount": 362.0,
   "cost": 26.6432,
   "fee_cost": 0.00266432,
   "fee_currency": "USDT",
   "fee_rate": 0.0001,
   "info_execFeeRv": "0.00266432",
   "info_feeRateRr": "0.0001",
   "info_execStatus": "6",
   "info_ordType": "2"
  },
  {
   "id": "b97d71a",
   "order": null,
   "symbol": "CFX/USDT:USDT",
   "timestamp": 1778772148364,
   "datetime": "2026-05-14T15:22:28.364Z",
   "side": "sell",
   "takerOrMaker": null,
   "price": 0.0736,
   "amount": 992.0,
   "cost": 73.0112,
   "fee_cost": 0.00730112,
   "fee_currency": "USDT",
   "fee_rate": 0.0001,
   "info_execFeeRv": "0.00730112",
   "info_feeRateRr": "0.0001",
   "info_execStatus": "6",
   "info_ordType": "2"
  }
 ],
 "DOGE/USDT:USDT": [
  {
   "id": "fff5d1e",
   "order": null,
   "symbol": "DOGE/USDT:USDT",
   "timestamp": 1778048835211,
   "datetime": "2026-05-06T06:27:15.211Z",
   "side": "buy",
   "takerOrMaker": null,
   "price": 0.11546,
   "amount": 866.0,
   "cost": 99.98836,
   "fee_cost": 0.00999884,
   "fee_currency": "USDT",
   "fee_rate": 0.0001,
   "info_execFeeRv": "0.00999884",
   "info_feeRateRr": "0.0001",
   "info_execStatus": "6",
   "info_ordType": "2"
  },
  {
   "id": "7da7b5a",
   "order": null,
   "symbol": "DOGE/USDT:USDT",
   "timestamp": 1778051870304,
   "datetime": "2026-05-06T07:17:50.304Z",
   "side": "sell",
   "takerOrMaker": null,
   "price": 0.1148,
   "amount": 866.0,
   "cost": 99.4168,
   "fee_cost": 0.00994168,
   "fee_currency": "USDT",
   "fee_rate": 0.0001,
   "info_execFeeRv": "0.00994168",
   "info_feeRateRr": "0.0001",
   "info_execStatus": "6",
   "info_ordType": "2"
  },
  {
   "id": "9aa84fa",
   "order": null,
   "symbol": "DOGE/USDT:USDT",
   "timestamp": 1778054588634,
   "datetime": "2026-05-06T08:03:08.634Z",
   "side": "buy",
   "takerOrMaker": null,
   "price": 0.11581,
   "amount": 1.0,
   "cost": 0.11581,
   "fee_cost": 1.158e-05,
   "fee_currency": "USDT",
   "fee_rate": 0.0001,
   "info_execFeeRv": "0.00001158",
   "info_feeRateRr": "0.0001",
   "info_execStatus": "6",
   "info_ordType": "2"
  },
  {
   "id": "d476d15",
   "order": null,
   "symbol": "DOGE/USDT:USDT",
   "timestamp": 1778054609451,
   "datetime": "2026-05-06T08:03:29.451Z",
   "side": "sell",
   "takerOrMaker": null,
   "price": 0.11579,
   "amount": 1.0,
   "cost": 0.11579,
   "fee_cost": 6.947e-05,
   "fee_currency": "USDT",
   "fee_rate": 0.0006,
   "info_execFeeRv": "0.00006947",
   "info_feeRateRr": "0.0006",
   "info_execStatus": "7",
   "info_ordType": "1"
  },
  {
   "id": "924cc1c",
   "order": null,
   "symbol": "DOGE/USDT:USDT",
   "timestamp": 1778061659289,
   "datetime": "2026-05-06T10:00:59.289Z",
   "side": "buy",
   "takerOrMaker": null,
   "price": 0.11635,
   "amount": 1.0,
   "cost": 0.11635,
   "fee_cost": 1.164e-05,
   "fee_currency": "USDT",
   "fee_rate": 0.0001,
   "info_execFeeRv": "0.00001164",
   "info_feeRateRr": "0.0001",
   "info_execStatus": "6",
   "info_ordType": "2"
  },
  {
   "id": "56b7653",
   "order": null,
   "symbol": "DOGE/USDT:USDT",
   "timestamp": 1778061691399,
   "datetime": "2026-05-06T10:01:31.399Z",
   "side": "sell",
   "takerOrMaker": null,
   "price": 0.11634,
   "amount": 1.0,
   "cost": 0.11634,
   "fee_cost": 6.98e-05,
   "fee_currency": "USDT",
   "fee_rate": 0.0006,
   "info_execFeeRv": "0.0000698",
   "info_feeRateRr": "0.0006",
   "info_execStatus": "7",
   "info_ordType": "1"
  },
  {
   "id": "614041f",
   "order": null,
   "symbol": "DOGE/USDT:USDT",
   "timestamp": 1779122192491,
   "datetime": "2026-05-18T16:36:32.491Z",
   "side": "sell",
   "takerOrMaker": null,
   "price": 0.10377,
   "amount": 1.0,
   "cost": 0.10377,
   "fee_cost": 1.038e-05,
   "fee_currency": "USDT",
   "fee_rate": 0.0001,
   "info_execFeeRv": "0.00001038",
   "info_feeRateRr": "0.0001",
   "info_execStatus": "6",
   "info_ordType": "2"
  },
  {
   "id": "a7a416d",
   "order": null,
   "symbol": "DOGE/USDT:USDT",
   "timestamp": 1779122229014,
   "datetime": "2026-05-18T16:37:09.014Z",
   "side": "buy",
   "takerOrMaker": null,
   "price": 0.10381,
   "amount": 1.0,
   "cost": 0.10381,
   "fee_cost": 6.229e-05,
   "fee_currency": "USDT",
   "fee_rate": 0.0006,
   "info_execFeeRv": "0.00006229",
   "info_feeRateRr": "0.0006",
   "info_execStatus": "7",
   "info_ordType": "1"
  },
  {
   "id": "625ede4",
   "order": null,
   "symbol": "DOGE/USDT:USDT",
   "timestamp": 1779250528388,
   "datetime": "2026-05-20T04:15:28.388Z",
   "side": "sell",
   "takerOrMaker": null,
   "price": 0.10253,
   "amount": 1.0,
   "cost": 0.10253,
   "fee_cost": 1.025e-05,
   "fee_currency": "USDT",
   "fee_rate": 0.0001,
   "info_execFeeRv": "0.00001025",
   "info_feeRateRr": "0.0001",
   "info_execStatus": "6",
   "info_ordType": "2"
  },
  {
   "id": "04c5ecd",
   "order": null,
   "symbol": "DOGE/USDT:USDT",
   "timestamp": 1779250538499,
   "datetime": "2026-05-20T04:15:38.499Z",
   "side": "sell",
   "takerOrMaker": null,
   "price": 0.10253,
   "amount": 1.0,
   "cost": 0.10253,
   "fee_cost": 1.025e-05,
   "fee_currency": "USDT",
   "fee_rate": 0.0001,
   "info_execFeeRv": "0.00001025",
   "info_feeRateRr": "0.0001",
   "info_execStatus": "6",
   "info_ordType": "2"
  },
  {
   "id": "973ba25",
   "order": null,
   "symbol": "DOGE/USDT:USDT",
   "timestamp": 1779250560559,
   "datetime": "2026-05-20T04:16:00.559Z",
   "side": "buy",
   "takerOrMaker": null,
   "price": 0.10253,
   "amount": 2.0,
   "cost": 0.20506,
   "fee_cost": 0.00012304,
   "fee_currency": "USDT",
   "fee_rate": 0.0006,
   "info_execFeeRv": "0.00012304",
   "info_feeRateRr": "0.0006",
   "info_execStatus": "7",
   "info_ordType": "1"
  },
  {
   "id": "0819987",
   "order": null,
   "symbol": "DOGE/USDT:USDT",
   "timestamp": 1780024044570,
   "datetime": "2026-05-29T03:07:24.570Z",
   "side": "sell",
   "takerOrMaker": null,
   "price": 0.09928,
   "amount": 1.0,
   "cost": 0.09928,
   "fee_cost": 9.93e-06,
   "fee_currency": "USDT",
   "fee_rate": 0.0001,
   "info_execFeeRv": "0.00000993",
   "info_feeRateRr": "0.0001",
   "info_execStatus": "6",
   "info_ordType": "2"
  },
  {
   "id": "29eabfc",
   "order": null,
   "symbol": "DOGE/USDT:USDT",
   "timestamp": 1780024045285,
   "datetime": "2026-05-29T03:07:25.285Z",
   "side": "sell",
   "takerOrMaker": null,
   "price": 0.09928,
   "amount": 1006.0,
   "cost": 99.87568,
   "fee_cost": 0.00998757,
   "fee_currency": "USDT",
   "fee_rate": 0.0001,
   "info_execFeeRv": "0.00998757",
   "info_feeRateRr": "0.0001",
   "info_execStatus": "6",
   "info_ordType": "2"
  },
  {
   "id": "8d8483c",
   "order": null,
   "symbol": "DOGE/USDT:USDT",
   "timestamp": 1780029109131,
   "datetime": "2026-05-29T04:31:49.131Z",
   "side": "buy",
   "takerOrMaker": null,
   "price": 0.09896,
   "amount": 1007.0,
   "cost": 99.65272,
   "fee_cost": 0.05979163,
   "fee_currency": "USDT",
   "fee_rate": 0.0006,
   "info_execFeeRv": "0.05979163",
   "info_feeRateRr": "0.0006",
   "info_execStatus": "7",
   "info_ordType": "1"
  },
  {
   "id": "21fc3eb",
   "order": null,
   "symbol": "DOGE/USDT:USDT",
   "timestamp": 1780029337683,
   "datetime": "2026-05-29T04:35:37.683Z",
   "side": "sell",
   "takerOrMaker": null,
   "price": 0.09898,
   "amount": 1.0,
   "cost": 0.09898,
   "fee_cost": 9.9e-06,
   "fee_currency": "USDT",
   "fee_rate": 0.0001,
   "info_execFeeRv": "0.0000099",
   "info_feeRateRr": "0.0001",
   "info_execStatus": "6",
   "info_ordType": "2"
  },
  {
   "id": "46c444c",
   "order": null,
   "symbol": "DOGE/USDT:USDT",
   "timestamp": 1780029376556,
   "datetime": "2026-05-29T04:36:16.556Z",
   "side": "buy",
   "takerOrMaker": null,
   "price": 0.09902,
   "amount": 1.0,
   "cost": 0.09902,
   "fee_cost": 5.941e-05,
   "fee_currency": "USDT",
   "fee_rate": 0.0006,
   "info_execFeeRv": "0.00005941",
   "info_feeRateRr": "0.0006",
   "info_execStatus": "7",
   "info_ordType": "1"
  }
 ],
 "ENA/USDT:USDT": [
  {
   "id": "822968e",
   "order": null,
   "symbol": "ENA/USDT:USDT",
   "timestamp": 1778731636428,
   "datetime": "2026-05-14T04:07:16.428Z",
   "side": "sell",
   "takerOrMaker": null,
   "price": 0.1157,
   "amount": 10.0,
   "cost": 1.157,
   "fee_cost": 0.0001157,
   "fee_currency": "USDT",
   "fee_rate": 0.0001,
   "info_execFeeRv": "0.0001157",
   "info_feeRateRr": "0.0001",
   "info_execStatus": "6",
   "info_ordType": "2"
  },
  {
   "id": "730f18a",
   "order": null,
   "symbol": "ENA/USDT:USDT",
   "timestamp": 1778731665246,
   "datetime": "2026-05-14T04:07:45.246Z",
   "side": "sell",
   "takerOrMaker": null,
   "price": 0.1157,
   "amount": 855.0,
   "cost": 98.9235,
   "fee_cost": 0.00989235,
   "fee_currency": "USDT",
   "fee_rate": 0.0001,
   "info_execFeeRv": "0.00989235",
   "info_feeRateRr": "0.0001",
   "info_execStatus": "6",
   "info_ordType": "2"
  },
  {
   "id": "a1ed719",
   "order": null,
   "symbol": "ENA/USDT:USDT",
   "timestamp": 1778736084450,
   "datetime": "2026-05-14T05:21:24.450Z",
   "side": "buy",
   "takerOrMaker": null,
   "price": 0.1171,
   "amount": 865.0,
   "cost": 101.2915,
   "fee_cost": 0.0607749,
   "fee_currency": "USDT",
   "fee_rate": 0.0006,
   "info_execFeeRv": "0.0607749",
   "info_feeRateRr": "0.0006",
   "info_execStatus": "7",
   "info_ordType": "3"
  },
  {
   "id": "a50926b",
   "order": null,
   "symbol": "ENA/USDT:USDT",
   "timestamp": 1778753524244,
   "datetime": "2026-05-14T10:12:04.244Z",
   "side": "sell",
   "takerOrMaker": null,
   "price": 0.1164,
   "amount": 860.0,
   "cost": 100.104,
   "fee_cost": 0.0100104,
   "fee_currency": "USDT",
   "fee_rate": 0.0001,
   "info_execFeeRv": "0.0100104",
   "info_feeRateRr": "0.0001",
   "info_execStatus": "6",
   "info_ordType": "2"
  },
  {
   "id": "85c9b7e",
   "order": null,
   "symbol": "ENA/USDT:USDT",
   "timestamp": 1778755644890,
   "datetime": "2026-05-14T10:47:24.890Z",
   "side": "buy",
   "takerOrMaker": null,
   "price": 0.1159,
   "amount": 860.0,
   "cost": 99.674,
   "fee_cost": 0.0598044,
   "fee_currency": "USDT",
   "fee_rate": 0.0006,
   "info_execFeeRv": "0.0598044",
   "info_feeRateRr": "0.0006",
   "info_execStatus": "7",
   "info_ordType": "1"
  }
 ],
 "ETH/USDT:USDT": [
  {
   "id": "c904c47",
   "order": null,
   "symbol": "ETH/USDT:USDT",
   "timestamp": 1777843866888,
   "datetime": "2026-05-03T21:31:06.888Z",
   "side": "buy",
   "takerOrMaker": null,
   "price": 2330.09,
   "amount": 0.01,
   "cost": 23.3009,
   "fee_cost": 0.00233009,
   "fee_currency": "USDT",
   "fee_rate": 0.0001,
   "info_execFeeRv": "0.00233009",
   "info_feeRateRr": "0.0001",
   "info_execStatus": "6",
   "info_ordType": "2"
  },
  {
   "id": "1b5d5d0",
   "order": null,
   "symbol": "ETH/USDT:USDT",
   "timestamp": 1777843907685,
   "datetime": "2026-05-03T21:31:47.685Z",
   "side": "sell",
   "takerOrMaker": null,
   "price": 2330.54,
   "amount": 0.01,
   "cost": 23.3054,
   "fee_cost": 0.01398324,
   "fee_currency": "USDT",
   "fee_rate": 0.0006,
   "info_execFeeRv": "0.01398324",
   "info_feeRateRr": "0.0006",
   "info_execStatus": "7",
   "info_ordType": "1"
  },
  {
   "id": "24321ca",
   "order": null,
   "symbol": "ETH/USDT:USDT",
   "timestamp": 1777912083080,
   "datetime": "2026-05-04T16:28:03.080Z",
   "side": "buy",
   "takerOrMaker": null,
   "price": 2353.63,
   "amount": 0.01,
   "cost": 23.5363,
   "fee_cost": 0.00235363,
   "fee_currency": "USDT",
   "fee_rate": 0.0001,
   "info_execFeeRv": "0.00235363",
   "info_feeRateRr": "0.0001",
   "info_execStatus": "6",
   "info_ordType": "2"
  },
  {
   "id": "038e2f6",
   "order": null,
   "symbol": "ETH/USDT:USDT",
   "timestamp": 1777912113191,
   "datetime": "2026-05-04T16:28:33.191Z",
   "side": "sell",
   "takerOrMaker": null,
   "price": 2354.83,
   "amount": 0.01,
   "cost": 23.5483,
   "fee_cost": 0.01412898,
   "fee_currency": "USDT",
   "fee_rate": 0.0006,
   "info_execFeeRv": "0.01412898",
   "info_feeRateRr": "0.0006",
   "info_execStatus": "7",
   "info_ordType": "1"
  },
  {
   "id": "eea2c34",
   "order": null,
   "symbol": "ETH/USDT:USDT",
   "timestamp": 1777931840180,
   "datetime": "2026-05-04T21:57:20.180Z",
   "side": "buy",
   "takerOrMaker": null,
   "price": 2360.25,
   "amount": 0.04,
   "cost": 94.41,
   "fee_cost": 0.009441,
   "fee_currency": "USDT",
   "fee_rate": 0.0001,
   "info_execFeeRv": "0.009441",
   "info_feeRateRr": "0.0001",
   "info_execStatus": "6",
   "info_ordType": "2"
  },
  {
   "id": "d03b65a",
   "order": null,
   "symbol": "ETH/USDT:USDT",
   "timestamp": 1777939200042,
   "datetime": "2026-05-05T00:00:00.042Z",
   "side": "buy",
   "takerOrMaker": null,
   "price": 2346.17,
   "amount": 0.04,
   "cost": 93.8468,
   "fee_cost": 0.00106328,
   "fee_currency": "USDT",
   "fee_rate": 1.133e-05,
   "info_execFeeRv": "0.00106328",
   "info_feeRateRr": "0.00001133",
   "info_execStatus": "0",
   "info_ordType": "0"
  },
  {
   "id": "c0b1e8b",
   "order": null,
   "symbol": "ETH/USDT:USDT",
   "timestamp": 1777939974190,
   "datetime": "2026-05-05T00:12:54.190Z",
   "side": "sell",
   "takerOrMaker": null,
   "price": 2348.94,
   "amount": 0.04,
   "cost": 93.9576,
   "fee_cost": 0.05637456,
   "fee_currency": "USDT",
   "fee_rate": 0.0006,
   "info_execFeeRv": "0.05637456",
   "info_feeRateRr": "0.0006",
   "info_execStatus": "7",
   "info_ordType": "1"
  },
  {
   "id": "110f76a",
   "order": null,
   "symbol": "ETH/USDT:USDT",
   "timestamp": 1778566528802,
   "datetime": "2026-05-12T06:15:28.802Z",
   "side": "sell",
   "takerOrMaker": null,
   "price": 2310.91,
   "amount": 0.01,
   "cost": 23.1091,
   "fee_cost": 0.00231091,
   "fee_currency": "USDT",
   "fee_rate": 0.0001,
   "info_execFeeRv": "0.00231091",
   "info_feeRateRr": "0.0001",
   "info_execStatus": "6",
   "info_ordType": "2"
  },
  {
   "id": "0e3a00f",
   "order": null,
   "symbol": "ETH/USDT:USDT",
   "timestamp": 1778566540891,
   "datetime": "2026-05-12T06:15:40.891Z",
   "side": "sell",
   "takerOrMaker": null,
   "price": 2310.91,
   "amount": 0.01,
   "cost": 23.1091,
   "fee_cost": 0.00231091,
   "fee_currency": "USDT",
   "fee_rate": 0.0001,
   "info_execFeeRv": "0.00231091",
   "info_feeRateRr": "0.0001",
   "info_execStatus": "6",
   "info_ordType": "2"
  },
  {
   "id": "dc0dab0",
   "order": null,
   "symbol": "ETH/USDT:USDT",
   "timestamp": 1778570011493,
   "datetime": "2026-05-12T07:13:31.493Z",
   "side": "buy",
   "takerOrMaker": null,
   "price": 2302.89,
   "amount": 0.02,
   "cost": 46.0578,
   "fee_cost": 0.02763468,
   "fee_currency": "USDT",
   "fee_rate": 0.0006,
   "info_execFeeRv": "0.02763468",
   "info_feeRateRr": "0.0006",
   "info_execStatus": "7",
   "info_ordType": "1"
  },
  {
   "id": "885bb76",
   "order": null,
   "symbol": "ETH/USDT:USDT",
   "timestamp": 1779209164625,
   "datetime": "2026-05-19T16:46:04.625Z",
   "side": "sell",
   "takerOrMaker": null,
   "price": 2117.19,
   "amount": 0.04,
   "cost": 84.6876,
   "fee_cost": 0.00846876,
   "fee_currency": "USDT",
   "fee_rate": 0.0001,
   "info_execFeeRv": "0.00846876",
   "info_feeRateRr": "0.0001",
   "info_execStatus": "6",
   "info_ordType": "2"
  },
  {
   "id": "22ea3a2",
   "order": null,
   "symbol": "ETH/USDT:USDT",
   "timestamp": 1779228657952,
   "datetime": "2026-05-19T22:10:57.952Z",
   "side": "buy",
   "takerOrMaker": null,
   "price": 2110.67,
   "amount": 0.04,
   "cost": 84.4268,
   "fee_cost": 0.05065608,
   "fee_currency": "USDT",
   "fee_rate": 0.0006,
   "info_execFeeRv": "0.05065608",
   "info_feeRateRr": "0.0006",
   "info_execStatus": "7",
   "info_ordType": "1"
  },
  {
   "id": "c9f336c",
   "order": null,
   "symbol": "ETH/USDT:USDT",
   "timestamp": 1779533215961,
   "datetime": "2026-05-23T10:46:55.961Z",
   "side": "sell",
   "takerOrMaker": null,
   "price": 2031.36,
   "amount": 0.01,
   "cost": 20.3136,
   "fee_cost": 0.00203136,
   "fee_currency": "USDT",
   "fee_rate": 0.0001,
   "info_execFeeRv": "0.00203136",
   "info_feeRateRr": "0.0001",
   "info_execStatus": "6",
   "info_ordType": "2"
  },
  {
   "id": "2154f82",
   "order": null,
   "symbol": "ETH/USDT:USDT",
   "timestamp": 1779533219985,
   "datetime": "2026-05-23T10:46:59.985Z",
   "side": "sell",
   "takerOrMaker": null,
   "price": 2031.36,
   "amount": 0.01,
   "cost": 20.3136,
   "fee_cost": 0.00203136,
   "fee_currency": "USDT",
   "fee_rate": 0.0001,
   "info_execFeeRv": "0.00203136",
   "info_feeRateRr": "0.0001",
   "info_execStatus": "6",
   "info_ordType": "2"
  },
  {
   "id": "1c44702",
   "order": null,
   "symbol": "ETH/USDT:USDT",
   "timestamp": 1779533250485,
   "datetime": "2026-05-23T10:47:30.485Z",
   "side": "buy",
   "takerOrMaker": null,
   "price": 2030.74,
   "amount": 0.02,
   "cost": 40.6148,
   "fee_cost": 0.02436888,
   "fee_currency": "USDT",
   "fee_rate": 0.0006,
   "info_execFeeRv": "0.02436888",
   "info_feeRateRr": "0.0006",
   "info_execStatus": "7",
   "info_ordType": "1"
  },
  {
   "id": "491f97e",
   "order": null,
   "symbol": "ETH/USDT:USDT",
   "timestamp": 1779533788213,
   "datetime": "2026-05-23T10:56:28.213Z",
   "side": "sell",
   "takerOrMaker": null,
   "price": 2030.44,
   "amount": 0.01,
   "cost": 20.3044,
   "fee_cost": 0.00203044,
   "fee_currency": "USDT",
   "fee_rate": 0.0001,
   "info_execFeeRv": "0.00203044",
   "info_feeRateRr": "0.0001",
   "info_execStatus": "6",
   "info_ordType": "2"
  },
  {
   "id": "f5c13c4",
   "order": null,
   "symbol": "ETH/USDT:USDT",
   "timestamp": 1779533793239,
   "datetime": "2026-05-23T10:56:33.239Z",
   "side": "sell",
   "takerOrMaker": null,
   "price": 2030.44,
   "amount": 0.01,
   "cost": 20.3044,
   "fee_cost": 0.00203044,
   "fee_currency": "USDT",
   "fee_rate": 0.0001,
   "info_execFeeRv": "0.00203044",
   "info_feeRateRr": "0.0001",
   "info_execStatus": "6",
   "info_ordType": "2"
  },
  {
   "id": "47c0d4e",
   "order": null,
   "symbol": "ETH/USDT:USDT",
   "timestamp": 1779533806248,
   "datetime": "2026-05-23T10:56:46.248Z",
   "side": "buy",
   "takerOrMaker": null,
   "price": 2030.44,
   "amount": 0.02,
   "cost": 40.6088,
   "fee_cost": 0.02436528,
   "fee_currency": "USDT",
   "fee_rate": 0.0006,
   "info_execFeeRv": "0.02436528",
   "info_feeRateRr": "0.0006",
   "info_execStatus": "7",
   "info_ordType": "1"
  },
  {
   "id": "e4c82f8",
   "order": null,
   "symbol": "ETH/USDT:USDT",
   "timestamp": 1779533895789,
   "datetime": "2026-05-23T10:58:15.789Z",
   "side": "sell",
   "takerOrMaker": null,
   "price": 2030.4,
   "amount": 0.01,
   "cost": 20.304,
   "fee_cost": 0.0020304,
   "fee_currency": "USDT",
   "fee_rate": 0.0001,
   "info_execFeeRv": "0.0020304",
   "info_feeRateRr": "0.0001",
   "info_execStatus": "6",
   "info_ordType": "2"
  },
  {
   "id": "d00569d",
   "order": null,
   "symbol": "ETH/USDT:USDT",
   "timestamp": 1779533903819,
   "datetime": "2026-05-23T10:58:23.819Z",
   "side": "sell",
   "takerOrMaker": null,
   "price": 2030.4,
   "amount": 0.01,
   "cost": 20.304,
   "fee_cost": 0.0020304,
   "fee_currency": "USDT",
   "fee_rate": 0.0001,
   "info_execFeeRv": "0.0020304",
   "info_feeRateRr": "0.0001",
   "info_execStatus": "6",
   "info_ordType": "2"
  },
  {
   "id": "45f76fc",
   "order": null,
   "symbol": "ETH/USDT:USDT",
   "timestamp": 1779533925067,
   "datetime": "2026-05-23T10:58:45.067Z",
   "side": "buy",
   "takerOrMaker": null,
   "price": 2030.73,
   "amount": 0.02,
   "cost": 40.6146,
   "fee_cost": 0.02436876,
   "fee_currency": "USDT",
   "fee_rate": 0.0006,
   "info_execFeeRv": "0.02436876",
   "info_feeRateRr": "0.0006",
   "info_execStatus": "7",
   "info_ordType": "1"
  },
  {
   "id": "53f4d61",
   "order": null,
   "symbol": "ETH/USDT:USDT",
   "timestamp": 1779543634100,
   "datetime": "2026-05-23T13:40:34.100Z",
   "side": "sell",
   "takerOrMaker": null,
   "price": 2038.45,
   "amount": 0.01,
   "cost": 20.3845,
   "fee_cost": 0.00203845,
   "fee_currency": "USDT",
   "fee_rate": 0.0001,
   "info_execFeeRv": "0.00203845",
   "info_feeRateRr": "0.0001",
   "info_execStatus": "6",
   "info_ordType": "2"
  },
  {
   "id": "68c0cda",
   "order": null,
   "symbol": "ETH/USDT:USDT",
   "timestamp": 1779543640127,
   "datetime": "2026-05-23T13:40:40.127Z",
   "side": "sell",
   "takerOrMaker": null,
   "price": 2038.45,
   "amount": 0.01,
   "cost": 20.3845,
   "fee_cost": 0.00203845,
   "fee_currency": "USDT",
   "fee_rate": 0.0001,
   "info_execFeeRv": "0.00203845",
   "info_feeRateRr": "0.0001",
   "info_execStatus": "6",
   "info_ordType": "2"
  },
  {
   "id": "7e5ee69",
   "order": null,
   "symbol": "ETH/USDT:USDT",
   "timestamp": 1779543673542,
   "datetime": "2026-05-23T13:41:13.542Z",
   "side": "buy",
   "takerOrMaker": null,
   "price": 2037.38,
   "amount": 0.02,
   "cost": 40.7476,
   "fee_cost": 0.02444856,
   "fee_currency": "USDT",
   "fee_rate": 0.0006,
   "info_execFeeRv": "0.02444856",
   "info_feeRateRr": "0.0006",
   "info_execStatus": "7",
   "info_ordType": "1"
  },
  {
   "id": "63b0629",
   "order": null,
   "symbol": "ETH/USDT:USDT",
   "timestamp": 1779543773958,
   "datetime": "2026-05-23T13:42:53.958Z",
   "side": "sell",
   "takerOrMaker": null,
   "price": 2038.34,
   "amount": 0.01,
   "cost": 20.3834,
   "fee_cost": 0.00203834,
   "fee_currency": "USDT",
   "fee_rate": 0.0001,
   "info_execFeeRv": "0.00203834",
   "info_feeRateRr": "0.0001",
   "info_execStatus": "6",
   "info_ordType": "2"
  },
  {
   "id": "5328557",
   "order": null,
   "symbol": "ETH/USDT:USDT",
   "timestamp": 1779543789747,
   "datetime": "2026-05-23T13:43:09.747Z",
   "side": "buy",
   "takerOrMaker": null,
   "price": 2038.66,
   "amount": 0.01,
   "cost": 20.3866,
   "fee_cost": 0.01223196,
   "fee_currency": "USDT",
   "fee_rate": 0.0006,
   "info_execFeeRv": "0.01223196",
   "info_feeRateRr": "0.0006",
   "info_execStatus": "7",
   "info_ordType": "1"
  },
  {
   "id": "e0842cf",
   "order": null,
   "symbol": "ETH/USDT:USDT",
   "timestamp": 1779951972009,
   "datetime": "2026-05-28T07:06:12.009Z",
   "side": "sell",
   "takerOrMaker": null,
   "price": 1981.81,
   "amount": 0.01,
   "cost": 19.8181,
   "fee_cost": 0.00198181,
   "fee_currency": "USDT",
   "fee_rate": 0.0001,
   "info_execFeeRv": "0.00198181",
   "info_feeRateRr": "0.0001",
   "info_execStatus": "6",
   "info_ordType": "2"
  },
  {
   "id": "d0db428",
   "order": null,
   "symbol": "ETH/USDT:USDT",
   "timestamp": 1779951973878,
   "datetime": "2026-05-28T07:06:13.878Z",
   "side": "sell",
   "takerOrMaker": null,
   "price": 1981.81,
   "amount": 0.04,
   "cost": 79.2724,
   "fee_cost": 0.00792724,
   "fee_currency": "USDT",
   "fee_rate": 0.0001,
   "info_execFeeRv": "0.00792724",
   "info_feeRateRr": "0.0001",
   "info_execStatus": "6",
   "info_ordType": "2"
  },
  {
   "id": "2f0b626",
   "order": null,
   "symbol": "ETH/USDT:USDT",
   "timestamp": 1779955200039,
   "datetime": "2026-05-28T08:00:00.039Z",
   "side": "sell",
   "takerOrMaker": null,
   "price": 1994.12,
   "amount": 0.05,
   "cost": 99.706,
   "fee_cost": -0.00182063,
   "fee_currency": "USDT",
   "fee_rate": -1.826e-05,
   "info_execFeeRv": "-0.00182063",
   "info_feeRateRr": "-0.00001826",
   "info_execStatus": "0",
   "info_ordType": "0"
  },
  {
   "id": "3b90964",
   "order": null,
   "symbol": "ETH/USDT:USDT",
   "timestamp": 1779969453925,
   "datetime": "2026-05-28T11:57:33.925Z",
   "side": "buy",
   "takerOrMaker": null,
   "price": 1988.83,
   "amount": 0.05,
   "cost": 99.4415,
   "fee_cost": 0.0596649,
   "fee_currency": "USDT",
   "fee_rate": 0.0006,
   "info_execFeeRv": "0.0596649",
   "info_feeRateRr": "0.0006",
   "info_execStatus": "7",
   "info_ordType": "1"
  },
  {
   "id": "dc47b05",
   "order": null,
   "symbol": "ETH/USDT:USDT",
   "timestamp": 1780915289076,
   "datetime": "2026-06-08T10:41:29.076Z",
   "side": "buy",
   "takerOrMaker": null,
   "price": 1669.56,
   "amount": 0.01,
   "cost": 16.6956,
   "fee_cost": 0.00166956,
   "fee_currency": "USDT",
   "fee_rate": 0.0001,
   "info_execFeeRv": "0.00166956",
   "info_feeRateRr": "0.0001",
   "info_execStatus": "6",
   "info_ordType": "2"
  },
  {
   "id": "719d843",
   "order": null,
   "symbol": "ETH/USDT:USDT",
   "timestamp": 1780915293100,
   "datetime": "2026-06-08T10:41:33.100Z",
   "side": "buy",
   "takerOrMaker": null,
   "price": 1669.56,
   "amount": 0.01,
   "cost": 16.6956,
   "fee_cost": 0.00166956,
   "fee_currency": "USDT",
   "fee_rate": 0.0001,
   "info_execFeeRv": "0.00166956",
   "info_feeRateRr": "0.0001",
   "info_execStatus": "6",
   "info_ordType": "2"
  },
  {
   "id": "d279f35",
   "order": null,
   "symbol": "ETH/USDT:USDT",
   "timestamp": 1780915303175,
   "datetime": "2026-06-08T10:41:43.175Z",
   "side": "sell",
   "takerOrMaker": null,
   "price": 1669.16,
   "amount": 0.02,
   "cost": 33.3832,
   "fee_cost": 0.00333832,
   "fee_currency": "USDT",
   "fee_rate": 0.0001,
   "info_execFeeRv": "0.00333832",
   "info_feeRateRr": "0.0001",
   "info_execStatus": "6",
   "info_ordType": "2"
  },
  {
   "id": "06f8e41",
   "order": null,
   "symbol": "ETH/USDT:USDT",
   "timestamp": 1780927633619,
   "datetime": "2026-06-08T14:07:13.619Z",
   "side": "buy",
   "takerOrMaker": null,
   "price": 1683.52,
   "amount": 0.05,
   "cost": 84.176,
   "fee_cost": 0.0084176,
   "fee_currency": "USDT",
   "fee_rate": 0.0001,
   "info_execFeeRv": "0.0084176",
   "info_feeRateRr": "0.0001",
   "info_execStatus": "6",
   "info_ordType": "2"
  },
  {
   "id": "5fd7130",
   "order": null,
   "symbol": "ETH/USDT:USDT",
   "timestamp": 1780931805019,
   "datetime": "2026-06-08T15:16:45.019Z",
   "side": "sell",
   "takerOrMaker": null,
   "price": 1697.02,
   "amount": 0.05,
   "cost": 84.851,
   "fee_cost": 0.0084851,
   "fee_currency": "USDT",
   "fee_rate": 0.0001,
   "info_execFeeRv": "0.0084851",
   "info_feeRateRr": "0.0001",
   "info_execStatus": "6",
   "info_ordType": "2"
  }
 ],
 "FET/USDT:USDT": [],
 "GIGGLE/USDT:USDT": [],
 "INJ/USDT:USDT": [
  {
   "id": "50a60ca",
   "order": null,
   "symbol": "INJ/USDT:USDT",
   "timestamp": 1778571974048,
   "datetime": "2026-05-12T07:46:14.048Z",
   "side": "buy",
   "takerOrMaker": null,
   "price": 4.701,
   "amount": 10.6,
   "cost": 49.8306,
   "fee_cost": 0.00498306,
   "fee_currency": "USDT",
   "fee_rate": 0.0001,
   "info_execFeeRv": "0.00498306",
   "info_feeRateRr": "0.0001",
   "info_execStatus": "6",
   "info_ordType": "2"
  },
  {
   "id": "3f9a30c",
   "order": null,
   "symbol": "INJ/USDT:USDT",
   "timestamp": 1778572631371,
   "datetime": "2026-05-12T07:57:11.371Z",
   "side": "sell",
   "takerOrMaker": null,
   "price": 4.715,
   "amount": 10.6,
   "cost": 49.979,
   "fee_cost": 0.0299874,
   "fee_currency": "USDT",
   "fee_rate": 0.0006,
   "info_execFeeRv": "0.0299874",
   "info_feeRateRr": "0.0006",
   "info_execStatus": "7",
   "info_ordType": "1"
  },
  {
   "id": "df08dc0",
   "order": null,
   "symbol": "INJ/USDT:USDT",
   "timestamp": 1778575013828,
   "datetime": "2026-05-12T08:36:53.828Z",
   "side": "buy",
   "takerOrMaker": null,
   "price": 4.665,
   "amount": 10.7,
   "cost": 49.9155,
   "fee_cost": 0.00499155,
   "fee_currency": "USDT",
   "fee_rate": 0.0001,
   "info_execFeeRv": "0.00499155",
   "info_feeRateRr": "0.0001",
   "info_execStatus": "6",
   "info_ordType": "2"
  },
  {
   "id": "a79f2c7",
   "order": null,
   "symbol": "INJ/USDT:USDT",
   "timestamp": 1778576798145,
   "datetime": "2026-05-12T09:06:38.145Z",
   "side": "sell",
   "takerOrMaker": null,
   "price": 4.703,
   "amount": 10.7,
   "cost": 50.3221,
   "fee_cost": 0.03019326,
   "fee_currency": "USDT",
   "fee_rate": 0.0006,
   "info_execFeeRv": "0.03019326",
   "info_feeRateRr": "0.0006",
   "info_execStatus": "7",
   "info_ordType": "1"
  },
  {
   "id": "fc627cb",
   "order": null,
   "symbol": "INJ/USDT:USDT",
   "timestamp": 1778620342348,
   "datetime": "2026-05-12T21:12:22.348Z",
   "side": "buy",
   "takerOrMaker": null,
   "price": 4.753,
   "amount": 10.5,
   "cost": 49.9065,
   "fee_cost": 0.00499065,
   "fee_currency": "USDT",
   "fee_rate": 0.0001,
   "info_execFeeRv": "0.00499065",
   "info_feeRateRr": "0.0001",
   "info_execStatus": "6",
   "info_ordType": "2"
  },
  {
   "id": "bee6dc0",
   "order": null,
   "symbol": "INJ/USDT:USDT",
   "timestamp": 1778630342300,
   "datetime": "2026-05-12T23:59:02.300Z",
   "side": "sell",
   "takerOrMaker": null,
   "price": 4.785,
   "amount": 10.5,
   "cost": 50.2425,
   "fee_cost": 0.00502425,
   "fee_currency": "USDT",
   "fee_rate": 0.0001,
   "info_execFeeRv": "0.00502425",
   "info_feeRateRr": "0.0001",
   "info_execStatus": "6",
   "info_ordType": "2"
  },
  {
   "id": "1be33b2",
   "order": null,
   "symbol": "INJ/USDT:USDT",
   "timestamp": 1778649652356,
   "datetime": "2026-05-13T05:20:52.356Z",
   "side": "buy",
   "takerOrMaker": null,
   "price": 5.056,
   "amount": 19.7,
   "cost": 99.6032,
   "fee_cost": 0.00996032,
   "fee_currency": "USDT",
   "fee_rate": 0.0001,
   "info_execFeeRv": "0.00996032",
   "info_feeRateRr": "0.0001",
   "info_execStatus": "6",
   "info_ordType": "2"
  },
  {
   "id": "4060dad",
   "order": null,
   "symbol": "INJ/USDT:USDT",
   "timestamp": 1778650029757,
   "datetime": "2026-05-13T05:27:09.757Z",
   "side": "sell",
   "takerOrMaker": null,
   "price": 5.103,
   "amount": 19.7,
   "cost": 100.5291,
   "fee_cost": 0.06031746,
   "fee_currency": "USDT",
   "fee_rate": 0.0006,
   "info_execFeeRv": "0.06031746",
   "info_feeRateRr": "0.0006",
   "info_execStatus": "7",
   "info_ordType": "1"
  },
  {
   "id": "9aae6f0",
   "order": null,
   "symbol": "INJ/USDT:USDT",
   "timestamp": 1779487858465,
   "datetime": "2026-05-22T22:10:58.465Z",
   "side": "buy",
   "takerOrMaker": null,
   "price": 5.41,
   "amount": 18.4,
   "cost": 99.544,
   "fee_cost": 0.0099544,
   "fee_currency": "USDT",
   "fee_rate": 0.0001,
   "info_execFeeRv": "0.0099544",
   "info_feeRateRr": "0.0001",
   "info_execStatus": "6",
   "info_ordType": "2"
  },
  {
   "id": "1d4055a",
   "order": null,
   "symbol": "INJ/USDT:USDT",
   "timestamp": 1779489739525,
   "datetime": "2026-05-22T22:42:19.525Z",
   "side": "sell",
   "takerOrMaker": null,
   "price": 5.336,
   "amount": 18.0,
   "cost": 96.048,
   "fee_cost": 0.0576288,
   "fee_currency": "USDT",
   "fee_rate": 0.0006,
   "info_execFeeRv": "0.0576288",
   "info_feeRateRr": "0.0006",
   "info_execStatus": "7",
   "info_ordType": "3"
  },
  {
   "id": "a7181d5",
   "order": null,
   "symbol": "INJ/USDT:USDT",
   "timestamp": 1779489739525,
   "datetime": "2026-05-22T22:42:19.525Z",
   "side": "sell",
   "takerOrMaker": null,
   "price": 5.34,
   "amount": 0.4,
   "cost": 2.136,
   "fee_cost": 0.0012816,
   "fee_currency": "USDT",
   "fee_rate": 0.0006,
   "info_execFeeRv": "0.0012816",
   "info_feeRateRr": "0.0006",
   "info_execStatus": "7",
   "info_ordType": "3"
  },
  {
   "id": "b46a898",
   "order": null,
   "symbol": "INJ/USDT:USDT",
   "timestamp": 1779751323425,
   "datetime": "2026-05-25T23:22:03.425Z",
   "side": "buy",
   "takerOrMaker": null,
   "price": 5.684,
   "amount": 17.5,
   "cost": 99.47,
   "fee_cost": 0.009947,
   "fee_currency": "USDT",
   "fee_rate": 0.0001,
   "info_execFeeRv": "0.009947",
   "info_feeRateRr": "0.0001",
   "info_execStatus": "6",
   "info_ordType": "2"
  },
  {
   "id": "8e7acae",
   "order": null,
   "symbol": "INJ/USDT:USDT",
   "timestamp": 1779753601826,
   "datetime": "2026-05-26T00:00:01.826Z",
   "side": "buy",
   "takerOrMaker": null,
   "price": 5.666,
   "amount": 17.5,
   "cost": 99.155,
   "fee_cost": 0.00815748,
   "fee_currency": "USDT",
   "fee_rate": 8.227e-05,
   "info_execFeeRv": "0.00815748",
   "info_feeRateRr": "0.00008227",
   "info_execStatus": "0",
   "info_ordType": "0"
  },
  {
   "id": "bd3220e",
   "order": null,
   "symbol": "INJ/USDT:USDT",
   "timestamp": 1779754741207,
   "datetime": "2026-05-26T00:19:01.207Z",
   "side": "sell",
   "takerOrMaker": null,
   "price": 5.683,
   "amount": 17.5,
   "cost": 99.4525,
   "fee_cost": 0.0596715,
   "fee_currency": "USDT",
   "fee_rate": 0.0006,
   "info_execFeeRv": "0.0596715",
   "info_feeRateRr": "0.0006",
   "info_execStatus": "7",
   "info_ordType": "1"
  },
  {
   "id": "1930b44",
   "order": null,
   "symbol": "INJ/USDT:USDT",
   "timestamp": 1780090672333,
   "datetime": "2026-05-29T21:37:52.333Z",
   "side": "buy",
   "takerOrMaker": null,
   "price": 6.433,
   "amount": 14.4,
   "cost": 92.6352,
   "fee_cost": 0.00926352,
   "fee_currency": "USDT",
   "fee_rate": 0.0001,
   "info_execFeeRv": "0.00926352",
   "info_feeRateRr": "0.0001",
   "info_execStatus": "6",
   "info_ordType": "2"
  },
  {
   "id": "bbb5f21",
   "order": null,
   "symbol": "INJ/USDT:USDT",
   "timestamp": 1780090672333,
   "datetime": "2026-05-29T21:37:52.333Z",
   "side": "buy",
   "takerOrMaker": null,
   "price": 6.433,
   "amount": 1.1,
   "cost": 7.0763,
   "fee_cost": 0.00070763,
   "fee_currency": "USDT",
   "fee_rate": 0.0001,
   "info_execFeeRv": "0.00070763",
   "info_feeRateRr": "0.0001",
   "info_execStatus": "6",
   "info_ordType": "2"
  },
  {
   "id": "7356b20",
   "order": null,
   "symbol": "INJ/USDT:USDT",
   "timestamp": 1780091117520,
   "datetime": "2026-05-29T21:45:17.520Z",
   "side": "sell",
   "takerOrMaker": null,
   "price": 6.46,
   "amount": 0.5,
   "cost": 3.23,
   "fee_cost": 0.001938,
   "fee_currency": "USDT",
   "fee_rate": 0.0006,
   "info_execFeeRv": "0.001938",
   "info_feeRateRr": "0.0006",
   "info_execStatus": "7",
   "info_ordType": "1"
  },
  {
   "id": "a6837c5",
   "order": null,
   "symbol": "INJ/USDT:USDT",
   "timestamp": 1780091117520,
   "datetime": "2026-05-29T21:45:17.520Z",
   "side": "sell",
   "takerOrMaker": null,
   "price": 6.46,
   "amount": 0.4,
   "cost": 2.584,
   "fee_cost": 0.0015504,
   "fee_currency": "USDT",
   "fee_rate": 0.0006,
   "info_execFeeRv": "0.0015504",
   "info_feeRateRr": "0.0006",
   "info_execStatus": "7",
   "info_ordType": "1"
  },
  {
   "id": "d0ecf67",
   "order": null,
   "symbol": "INJ/USDT:USDT",
   "timestamp": 1780091117520,
   "datetime": "2026-05-29T21:45:17.520Z",
   "side": "sell",
   "takerOrMaker": null,
   "price": 6.46,
   "amount": 14.6,
   "cost": 94.316,
   "fee_cost": 0.0565896,
   "fee_currency": "USDT",
   "fee_rate": 0.0006,
   "info_execFeeRv": "0.0565896",
   "info_feeRateRr": "0.0006",
   "info_execStatus": "7",
   "info_ordType": "1"
  },
  {
   "id": "e668010",
   "order": null,
   "symbol": "INJ/USDT:USDT",
   "timestamp": 1780113040489,
   "datetime": "2026-05-30T03:50:40.489Z",
   "side": "buy",
   "takerOrMaker": null,
   "price": 6.5,
   "amount": 15.3,
   "cost": 99.45,
   "fee_cost": 0.009945,
   "fee_currency": "USDT",
   "fee_rate": 0.0001,
   "info_execFeeRv": "0.009945",
   "info_feeRateRr": "0.0001",
   "info_execStatus": "6",
   "info_ordType": "2"
  },
  {
   "id": "058d43b",
   "order": null,
   "symbol": "INJ/USDT:USDT",
   "timestamp": 1780113912085,
   "datetime": "2026-05-30T04:05:12.085Z",
   "side": "sell",
   "takerOrMaker": null,
   "price": 6.52,
   "amount": 14.4,
   "cost": 93.888,
   "fee_cost": 0.0563328,
   "fee_currency": "USDT",
   "fee_rate": 0.0006,
   "info_execFeeRv": "0.0563328",
   "info_feeRateRr": "0.0006",
   "info_execStatus": "7",
   "info_ordType": "1"
  },
  {
   "id": "5cc265f",
   "order": null,
   "symbol": "INJ/USDT:USDT",
   "timestamp": 1780113912085,
   "datetime": "2026-05-30T04:05:12.085Z",
   "side": "sell",
   "takerOrMaker": null,
   "price": 6.52,
   "amount": 0.5,
   "cost": 3.26,
   "fee_cost": 0.001956,
   "fee_currency": "USDT",
   "fee_rate": 0.0006,
   "info_execFeeRv": "0.001956",
   "info_feeRateRr": "0.0006",
   "info_execStatus": "7",
   "info_ordType": "1"
  },
  {
   "id": "fd8c00f",
   "order": null,
   "symbol": "INJ/USDT:USDT",
   "timestamp": 1780113912085,
   "datetime": "2026-05-30T04:05:12.085Z",
   "side": "sell",
   "takerOrMaker": null,
   "price": 6.52,
   "amount": 0.4,
   "cost": 2.608,
   "fee_cost": 0.0015648,
   "fee_currency": "USDT",
   "fee_rate": 0.0006,
   "info_execFeeRv": "0.0015648",
   "info_feeRateRr": "0.0006",
   "info_execStatus": "7",
   "info_ordType": "1"
  },
  {
   "id": "68e9421",
   "order": null,
   "symbol": "INJ/USDT:USDT",
   "timestamp": 1780399629457,
   "datetime": "2026-06-02T11:27:09.457Z",
   "side": "buy",
   "takerOrMaker": null,
   "price": 7.133,
   "amount": 14.0,
   "cost": 99.862,
   "fee_cost": 0.0099862,
   "fee_currency": "USDT",
   "fee_rate": 0.0001,
   "info_execFeeRv": "0.0099862",
   "info_feeRateRr": "0.0001",
   "info_execStatus": "6",
   "info_ordType": "2"
  },
  {
   "id": "141a47e",
   "order": null,
   "symbol": "INJ/USDT:USDT",
   "timestamp": 1780400997440,
   "datetime": "2026-06-02T11:49:57.440Z",
   "side": "sell",
   "takerOrMaker": null,
   "price": 7.18,
   "amount": 2.1,
   "cost": 15.078,
   "fee_cost": 0.0090468,
   "fee_currency": "USDT",
   "fee_rate": 0.0006,
   "info_execFeeRv": "0.0090468",
   "info_feeRateRr": "0.0006",
   "info_execStatus": "7",
   "info_ordType": "1"
  },
  {
   "id": "897dc93",
   "order": null,
   "symbol": "INJ/USDT:USDT",
   "timestamp": 1780400997440,
   "datetime": "2026-06-02T11:49:57.440Z",
   "side": "sell",
   "takerOrMaker": null,
   "price": 7.18,
   "amount": 11.9,
   "cost": 85.442,
   "fee_cost": 0.0512652,
   "fee_currency": "USDT",
   "fee_rate": 0.0006,
   "info_execFeeRv": "0.0512652",
   "info_feeRateRr": "0.0006",
   "info_execStatus": "7",
   "info_ordType": "1"
  },
  {
   "id": "817f84b",
   "order": null,
   "symbol": "INJ/USDT:USDT",
   "timestamp": 1780410420040,
   "datetime": "2026-06-02T14:27:00.040Z",
   "side": "buy",
   "takerOrMaker": null,
   "price": 7.137,
   "amount": 13.9,
   "cost": 99.2043,
   "fee_cost": 0.00992043,
   "fee_currency": "USDT",
   "fee_rate": 0.0001,
   "info_execFeeRv": "0.00992043",
   "info_feeRateRr": "0.0001",
   "info_execStatus": "6",
   "info_ordType": "2"
  },
  {
   "id": "ac5ccb6",
   "order": null,
   "symbol": "INJ/USDT:USDT",
   "timestamp": 1780410449617,
   "datetime": "2026-06-02T14:27:29.617Z",
   "side": "sell",
   "takerOrMaker": null,
   "price": 7.036,
   "amount": 13.9,
   "cost": 97.8004,
   "fee_cost": 0.05868024,
   "fee_currency": "USDT",
   "fee_rate": 0.0006,
   "info_execFeeRv": "0.05868024",
   "info_feeRateRr": "0.0006",
   "info_execStatus": "7",
   "info_ordType": "3"
  },
  {
   "id": "bbd68ed",
   "order": null,
   "symbol": "INJ/USDT:USDT",
   "timestamp": 1780915613998,
   "datetime": "2026-06-08T10:46:53.998Z",
   "side": "buy",
   "takerOrMaker": null,
   "price": 5.57,
   "amount": 17.9,
   "cost": 99.703,
   "fee_cost": 0.0099703,
   "fee_currency": "USDT",
   "fee_rate": 0.0001,
   "info_execFeeRv": "0.0099703",
   "info_feeRateRr": "0.0001",
   "info_execStatus": "6",
   "info_ordType": "2"
  },
  {
   "id": "92bd2ed",
   "order": null,
   "symbol": "INJ/USDT:USDT",
   "timestamp": 1780917437162,
   "datetime": "2026-06-08T11:17:17.162Z",
   "side": "sell",
   "takerOrMaker": null,
   "price": 5.574,
   "amount": 0.6,
   "cost": 3.3444,
   "fee_cost": 0.00200664,
   "fee_currency": "USDT",
   "fee_rate": 0.0006,
   "info_execFeeRv": "0.00200664",
   "info_feeRateRr": "0.0006",
   "info_execStatus": "7",
   "info_ordType": "1"
  },
  {
   "id": "aedf0a1",
   "order": null,
   "symbol": "INJ/USDT:USDT",
   "timestamp": 1780917437162,
   "datetime": "2026-06-08T11:17:17.162Z",
   "side": "sell",
   "takerOrMaker": null,
   "price": 5.573,
   "amount": 17.3,
   "cost": 96.4129,
   "fee_cost": 0.05784774,
   "fee_currency": "USDT",
   "fee_rate": 0.0006,
   "info_execFeeRv": "0.05784774",
   "info_feeRateRr": "0.0006",
   "info_execStatus": "7",
   "info_ordType": "1"
  },
  {
   "id": "36cc301",
   "order": null,
   "symbol": "INJ/USDT:USDT",
   "timestamp": 1780933342485,
   "datetime": "2026-06-08T15:42:22.485Z",
   "side": "buy",
   "takerOrMaker": null,
   "price": 5.664,
   "amount": 17.6,
   "cost": 99.6864,
   "fee_cost": 0.00996864,
   "fee_currency": "USDT",
   "fee_rate": 0.0001,
   "info_execFeeRv": "0.00996864",
   "info_feeRateRr": "0.0001",
   "info_execStatus": "6",
   "info_ordType": "2"
  },
  {
   "id": "cf474b6",
   "order": null,
   "symbol": "INJ/USDT:USDT",
   "timestamp": 1780933928629,
   "datetime": "2026-06-08T15:52:08.629Z",
   "side": "sell",
   "takerOrMaker": null,
   "price": 5.677,
   "amount": 17.6,
   "cost": 99.9152,
   "fee_cost": 0.05994912,
   "fee_currency": "USDT",
   "fee_rate": 0.0006,
   "info_execFeeRv": "0.05994912",
   "info_feeRateRr": "0.0006",
   "info_execStatus": "7",
   "info_ordType": "1"
  },
  {
   "id": "f5a9ab1",
   "order": null,
   "symbol": "INJ/USDT:USDT",
   "timestamp": 1780936973466,
   "datetime": "2026-06-08T16:42:53.466Z",
   "side": "buy",
   "takerOrMaker": null,
   "price": 5.613,
   "amount": 17.7,
   "cost": 99.3501,
   "fee_cost": 0.00993501,
   "fee_currency": "USDT",
   "fee_rate": 0.0001,
   "info_execFeeRv": "0.00993501",
   "info_feeRateRr": "0.0001",
   "info_execStatus": "6",
   "info_ordType": "2"
  },
  {
   "id": "61022ee",
   "order": null,
   "symbol": "INJ/USDT:USDT",
   "timestamp": 1780938649022,
   "datetime": "2026-06-08T17:10:49.022Z",
   "side": "sell",
   "takerOrMaker": null,
   "price": 5.624,
   "amount": 17.7,
   "cost": 99.5448,
   "fee_cost": 0.05972688,
   "fee_currency": "USDT",
   "fee_rate": 0.0006,
   "info_execFeeRv": "0.05972688",
   "info_feeRateRr": "0.0006",
   "info_execStatus": "7",
   "info_ordType": "1"
  },
  {
   "id": "df50bbd",
   "order": null,
   "symbol": "INJ/USDT:USDT",
   "timestamp": 1780992469066,
   "datetime": "2026-06-09T08:07:49.066Z",
   "side": "buy",
   "takerOrMaker": null,
   "price": 5.603,
   "amount": 17.8,
   "cost": 99.7334,
   "fee_cost": 0.00997334,
   "fee_currency": "USDT",
   "fee_rate": 0.0001,
   "info_execFeeRv": "0.00997334",
   "info_feeRateRr": "0.0001",
   "info_execStatus": "6",
   "info_ordType": "2"
  },
  {
   "id": "bcbe890",
   "order": null,
   "symbol": "INJ/USDT:USDT",
   "timestamp": 1780993760013,
   "datetime": "2026-06-09T08:29:20.013Z",
   "side": "sell",
   "takerOrMaker": null,
   "price": 5.632,
   "amount": 17.8,
   "cost": 100.2496,
   "fee_cost": 0.06014976,
   "fee_currency": "USDT",
   "fee_rate": 0.0006,
   "info_execFeeRv": "0.06014976",
   "info_feeRateRr": "0.0006",
   "info_execStatus": "7",
   "info_ordType": "1"
  }
 ],
 "LINK/USDT:USDT": [],
 "NEAR/USDT:USDT": [],
 "ONDO/USDT:USDT": [
  {
   "id": "8eb647f",
   "order": null,
   "symbol": "ONDO/USDT:USDT",
   "timestamp": 1779161144303,
   "datetime": "2026-05-19T03:25:44.303Z",
   "side": "buy",
   "takerOrMaker": null,
   "price": 0.3907,
   "amount": 256.0,
   "cost": 100.0192,
   "fee_cost": 0.01000192,
   "fee_currency": "USDT",
   "fee_rate": 0.0001,
   "info_execFeeRv": "0.01000192",
   "info_feeRateRr": "0.0001",
   "info_execStatus": "6",
   "info_ordType": "2"
  },
  {
   "id": "250d5a7",
   "order": null,
   "symbol": "ONDO/USDT:USDT",
   "timestamp": 1779162041897,
   "datetime": "2026-05-19T03:40:41.897Z",
   "side": "sell",
   "takerOrMaker": null,
   "price": 0.3934,
   "amount": 256.0,
   "cost": 100.7104,
   "fee_cost": 0.06042624,
   "fee_currency": "USDT",
   "fee_rate": 0.0006,
   "info_execFeeRv": "0.06042624",
   "info_feeRateRr": "0.0006",
   "info_execStatus": "7",
   "info_ordType": "1"
  },
  {
   "id": "9512ecf",
   "order": null,
   "symbol": "ONDO/USDT:USDT",
   "timestamp": 1779173745036,
   "datetime": "2026-05-19T06:55:45.036Z",
   "side": "buy",
   "takerOrMaker": null,
   "price": 0.3905,
   "amount": 256.0,
   "cost": 99.968,
   "fee_cost": 0.0099968,
   "fee_currency": "USDT",
   "fee_rate": 0.0001,
   "info_execFeeRv": "0.0099968",
   "info_feeRateRr": "0.0001",
   "info_execStatus": "6",
   "info_ordType": "2"
  },
  {
   "id": "e688ce1",
   "order": null,
   "symbol": "ONDO/USDT:USDT",
   "timestamp": 1779175698042,
   "datetime": "2026-05-19T07:28:18.042Z",
   "side": "sell",
   "takerOrMaker": null,
   "price": 0.3857,
   "amount": 256.0,
   "cost": 98.7392,
   "fee_cost": 0.05924352,
   "fee_currency": "USDT",
   "fee_rate": 0.0006,
   "info_execFeeRv": "0.05924352",
   "info_feeRateRr": "0.0006",
   "info_execStatus": "7",
   "info_ordType": "3"
  },
  {
   "id": "95400e9",
   "order": null,
   "symbol": "ONDO/USDT:USDT",
   "timestamp": 1779317892487,
   "datetime": "2026-05-20T22:58:12.487Z",
   "side": "buy",
   "takerOrMaker": null,
   "price": 0.4009,
   "amount": 249.0,
   "cost": 99.8241,
   "fee_cost": 0.00998241,
   "fee_currency": "USDT",
   "fee_rate": 0.0001,
   "info_execFeeRv": "0.00998241",
   "info_feeRateRr": "0.0001",
   "info_execStatus": "6",
   "info_ordType": "2"
  },
  {
   "id": "8f272ec",
   "order": null,
   "symbol": "ONDO/USDT:USDT",
   "timestamp": 1779319470991,
   "datetime": "2026-05-20T23:24:30.991Z",
   "side": "sell",
   "takerOrMaker": null,
   "price": 0.4007,
   "amount": 71.0,
   "cost": 28.4497,
   "fee_cost": 0.01706982,
   "fee_currency": "USDT",
   "fee_rate": 0.0006,
   "info_execFeeRv": "0.01706982",
   "info_feeRateRr": "0.0006",
   "info_execStatus": "7",
   "info_ordType": "1"
  },
  {
   "id": "b28bc54",
   "order": null,
   "symbol": "ONDO/USDT:USDT",
   "timestamp": 1779319470991,
   "datetime": "2026-05-20T23:24:30.991Z",
   "side": "sell",
   "takerOrMaker": null,
   "price": 0.4008,
   "amount": 178.0,
   "cost": 71.3424,
   "fee_cost": 0.04280544,
   "fee_currency": "USDT",
   "fee_rate": 0.0006,
   "info_execFeeRv": "0.04280544",
   "info_feeRateRr": "0.0006",
   "info_execStatus": "7",
   "info_ordType": "1"
  },
  {
   "id": "d90698d",
   "order": null,
   "symbol": "ONDO/USDT:USDT",
   "timestamp": 1779397262479,
   "datetime": "2026-05-21T21:01:02.479Z",
   "side": "buy",
   "takerOrMaker": null,
   "price": 0.421,
   "amount": 237.0,
   "cost": 99.777,
   "fee_cost": 0.0099777,
   "fee_currency": "USDT",
   "fee_rate": 0.0001,
   "info_execFeeRv": "0.0099777",
   "info_feeRateRr": "0.0001",
   "info_execStatus": "6",
   "info_ordType": "2"
  },
  {
   "id": "4b7e329",
   "order": null,
   "symbol": "ONDO/USDT:USDT",
   "timestamp": 1779399282831,
   "datetime": "2026-05-21T21:34:42.831Z",
   "side": "sell",
   "takerOrMaker": null,
   "price": 0.4155,
   "amount": 237.0,
   "cost": 98.4735,
   "fee_cost": 0.0590841,
   "fee_currency": "USDT",
   "fee_rate": 0.0006,
   "info_execFeeRv": "0.0590841",
   "info_feeRateRr": "0.0006",
   "info_execStatus": "7",
   "info_ordType": "3"
  },
  {
   "id": "0ae9710",
   "order": null,
   "symbol": "ONDO/USDT:USDT",
   "timestamp": 1779518821241,
   "datetime": "2026-05-23T06:47:01.241Z",
   "side": "sell",
   "takerOrMaker": null,
   "price": 0.3816,
   "amount": 261.0,
   "cost": 99.5976,
   "fee_cost": 0.00995976,
   "fee_currency": "USDT",
   "fee_rate": 0.0001,
   "info_execFeeRv": "0.00995976",
   "info_feeRateRr": "0.0001",
   "info_execStatus": "6",
   "info_ordType": "2"
  },
  {
   "id": "35d9e90",
   "order": null,
   "symbol": "ONDO/USDT:USDT",
   "timestamp": 1779522645352,
   "datetime": "2026-05-23T07:50:45.352Z",
   "side": "buy",
   "takerOrMaker": null,
   "price": 0.3752,
   "amount": 139.0,
   "cost": 52.1528,
   "fee_cost": 0.03129168,
   "fee_currency": "USDT",
   "fee_rate": 0.0006,
   "info_execFeeRv": "0.03129168",
   "info_feeRateRr": "0.0006",
   "info_execStatus": "7",
   "info_ordType": "6"
  },
  {
   "id": "6f7ff06",
   "order": null,
   "symbol": "ONDO/USDT:USDT",
   "timestamp": 1779522645352,
   "datetime": "2026-05-23T07:50:45.352Z",
   "side": "buy",
   "takerOrMaker": null,
   "price": 0.3753,
   "amount": 122.0,
   "cost": 45.7866,
   "fee_cost": 0.02747196,
   "fee_currency": "USDT",
   "fee_rate": 0.0006,
   "info_execFeeRv": "0.02747196",
   "info_feeRateRr": "0.0006",
   "info_execStatus": "7",
   "info_ordType": "6"
  }
 ],
 "OP/USDT:USDT": [],
 "PENDLE/USDT:USDT": [],
 "RENDER/USDT:USDT": [
  {
   "id": "66b6188",
   "order": null,
   "symbol": "RENDER/USDT:USDT",
   "timestamp": 1779747491114,
   "datetime": "2026-05-25T22:18:11.114Z",
   "side": "buy",
   "takerOrMaker": null,
   "price": 2.174,
   "amount": 45.0,
   "cost": 97.83,
   "fee_cost": 0.009783,
   "fee_currency": "USDT",
   "fee_rate": 0.0001,
   "info_execFeeRv": "0.009783",
   "info_feeRateRr": "0.0001",
   "info_execStatus": "6",
   "info_ordType": "2"
  },
  {
   "id": "fa613ba",
   "order": null,
   "symbol": "RENDER/USDT:USDT",
   "timestamp": 1779752236173,
   "datetime": "2026-05-25T23:37:16.173Z",
   "side": "sell",
   "takerOrMaker": null,
   "price": 2.187,
   "amount": 45.0,
   "cost": 98.415,
   "fee_cost": 0.059049,
   "fee_currency": "USDT",
   "fee_rate": 0.0006,
   "info_execFeeRv": "0.059049",
   "info_feeRateRr": "0.0006",
   "info_execStatus": "7",
   "info_ordType": "1"
  },
  {
   "id": "f44974f",
   "order": null,
   "symbol": "RENDER/USDT:USDT",
   "timestamp": 1779853095033,
   "datetime": "2026-05-27T03:38:15.033Z",
   "side": "buy",
   "takerOrMaker": null,
   "price": 2.316,
   "amount": 43.0,
   "cost": 99.588,
   "fee_cost": 0.0099588,
   "fee_currency": "USDT",
   "fee_rate": 0.0001,
   "info_execFeeRv": "0.0099588",
   "info_feeRateRr": "0.0001",
   "info_execStatus": "6",
   "info_ordType": "2"
  },
  {
   "id": "4c333ba",
   "order": null,
   "symbol": "RENDER/USDT:USDT",
   "timestamp": 1779855297659,
   "datetime": "2026-05-27T04:14:57.659Z",
   "side": "sell",
   "takerOrMaker": null,
   "price": 2.288,
   "amount": 43.0,
   "cost": 98.384,
   "fee_cost": 0.0590304,
   "fee_currency": "USDT",
   "fee_rate": 0.0006,
   "info_execFeeRv": "0.0590304",
   "info_feeRateRr": "0.0006",
   "info_execStatus": "7",
   "info_ordType": "1"
  },
  {
   "id": "650cc30",
   "order": null,
   "symbol": "RENDER/USDT:USDT",
   "timestamp": 1780217484755,
   "datetime": "2026-05-31T08:51:24.755Z",
   "side": "buy",
   "takerOrMaker": null,
   "price": 2.11,
   "amount": 47.0,
   "cost": 99.17,
   "fee_cost": 0.009917,
   "fee_currency": "USDT",
   "fee_rate": 0.0001,
   "info_execFeeRv": "0.009917",
   "info_feeRateRr": "0.0001",
   "info_execStatus": "6",
   "info_ordType": "2"
  },
  {
   "id": "dbfa741",
   "order": null,
   "symbol": "RENDER/USDT:USDT",
   "timestamp": 1780220757989,
   "datetime": "2026-05-31T09:45:57.989Z",
   "side": "sell",
   "takerOrMaker": null,
   "price": 2.115,
   "amount": 47.0,
   "cost": 99.405,
   "fee_cost": 0.059643,
   "fee_currency": "USDT",
   "fee_rate": 0.0006,
   "info_execFeeRv": "0.059643",
   "info_feeRateRr": "0.0006",
   "info_execStatus": "7",
   "info_ordType": "1"
  }
 ],
 "SAND/USDT:USDT": [],
 "SOL/USDT:USDT": [],
 "SUI/USDT:USDT": [],
 "TAO/USDT:USDT": [
  {
   "id": "83776f7",
   "order": null,
   "symbol": "TAO/USDT:USDT",
   "timestamp": 1777823806399,
   "datetime": "2026-05-03T15:56:46.399Z",
   "side": "buy",
   "takerOrMaker": null,
   "price": 289.3,
   "amount": 0.34,
   "cost": 98.362,
   "fee_cost": 0.0098362,
   "fee_currency": "USDT",
   "fee_rate": 0.0001,
   "info_execFeeRv": "0.0098362",
   "info_feeRateRr": "0.0001",
   "info_execStatus": "6",
   "info_ordType": "2"
  },
  {
   "id": "35f300a",
   "order": null,
   "symbol": "TAO/USDT:USDT",
   "timestamp": 1777824001532,
   "datetime": "2026-05-03T16:00:01.532Z",
   "side": "buy",
   "takerOrMaker": null,
   "price": 289.48,
   "amount": 0.34,
   "cost": 98.4232,
   "fee_cost": -0.00231787,
   "fee_currency": "USDT",
   "fee_rate": -2.355e-05,
   "info_execFeeRv": "-0.00231787",
   "info_feeRateRr": "-0.00002355",
   "info_execStatus": "0",
   "info_ordType": "0"
  },
  {
   "id": "0b15520",
   "order": null,
   "symbol": "TAO/USDT:USDT",
   "timestamp": 1777831640368,
   "datetime": "2026-05-03T18:07:20.368Z",
   "side": "sell",
   "takerOrMaker": null,
   "price": 288.19,
   "amount": 0.34,
   "cost": 97.9846,
   "fee_cost": 0.00979846,
   "fee_currency": "USDT",
   "fee_rate": 0.0001,
   "info_execFeeRv": "0.00979846",
   "info_feeRateRr": "0.0001",
   "info_execStatus": "6",
   "info_ordType": "2"
  },
  {
   "id": "6c47c5f",
   "order": null,
   "symbol": "TAO/USDT:USDT",
   "timestamp": 1778713534470,
   "datetime": "2026-05-13T23:05:34.470Z",
   "side": "sell",
   "takerOrMaker": null,
   "price": 296.89,
   "amount": 0.33,
   "cost": 97.9737,
   "fee_cost": 0.00979737,
   "fee_currency": "USDT",
   "fee_rate": 0.0001,
   "info_execFeeRv": "0.00979737",
   "info_feeRateRr": "0.0001",
   "info_execStatus": "6",
   "info_ordType": "2"
  },
  {
   "id": "7cce4b1",
   "order": null,
   "symbol": "TAO/USDT:USDT",
   "timestamp": 1778716801202,
   "datetime": "2026-05-14T00:00:01.202Z",
   "side": "sell",
   "takerOrMaker": null,
   "price": 294.6,
   "amount": 0.33,
   "cost": 97.218,
   "fee_cost": -0.00171979,
   "fee_currency": "USDT",
   "fee_rate": -1.769e-05,
   "info_execFeeRv": "-0.00171979",
   "info_feeRateRr": "-0.00001769",
   "info_execStatus": "0",
   "info_ordType": "0"
  },
  {
   "id": "743b703",
   "order": null,
   "symbol": "TAO/USDT:USDT",
   "timestamp": 1778722293356,
   "datetime": "2026-05-14T01:31:33.356Z",
   "side": "buy",
   "takerOrMaker": null,
   "price": 296.86,
   "amount": 0.33,
   "cost": 97.9638,
   "fee_cost": 0.05877828,
   "fee_currency": "USDT",
   "fee_rate": 0.0006,
   "info_execFeeRv": "0.05877828",
   "info_feeRateRr": "0.0006",
   "info_execStatus": "7",
   "info_ordType": "1"
  }
 ],
 "TIA/USDT:USDT": [],
 "TON/USDT:USDT": [
  {
   "id": "99af0fd",
   "order": null,
   "symbol": "TON/USDT:USDT",
   "timestamp": 1778768166953,
   "datetime": "2026-05-14T14:16:06.953Z",
   "side": "sell",
   "takerOrMaker": null,
   "price": 2.0975,
   "amount": 47.0,
   "cost": 98.5825,
   "fee_cost": 0.00985825,
   "fee_currency": "USDT",
   "fee_rate": 0.0001,
   "info_execFeeRv": "0.00985825",
   "info_feeRateRr": "0.0001",
   "info_execStatus": "6",
   "info_ordType": "2"
  },
  {
   "id": "232718c",
   "order": null,
   "symbol": "TON/USDT:USDT",
   "timestamp": 1778768733108,
   "datetime": "2026-05-14T14:25:33.108Z",
   "side": "buy",
   "takerOrMaker": null,
   "price": 2.1241,
   "amount": 8.0,
   "cost": 16.9928,
   "fee_cost": 0.01019568,
   "fee_currency": "USDT",
   "fee_rate": 0.0006,
   "info_execFeeRv": "0.01019568",
   "info_feeRateRr": "0.0006",
   "info_execStatus": "7",
   "info_ordType": "3"
  },
  {
   "id": "70c11c2",
   "order": null,
   "symbol": "TON/USDT:USDT",
   "timestamp": 1778768733108,
   "datetime": "2026-05-14T14:25:33.108Z",
   "side": "buy",
   "takerOrMaker": null,
   "price": 2.124,
   "amount": 39.0,
   "cost": 82.836,
   "fee_cost": 0.0497016,
   "fee_currency": "USDT",
   "fee_rate": 0.0006,
   "info_execFeeRv": "0.0497016",
   "info_feeRateRr": "0.0006",
   "info_execStatus": "7",
   "info_ordType": "3"
  },
  {
   "id": "a8e142b",
   "order": null,
   "symbol": "TON/USDT:USDT",
   "timestamp": 1779337876715,
   "datetime": "2026-05-21T04:31:16.715Z",
   "side": "buy",
   "takerOrMaker": null,
   "price": 2.0589,
   "amount": 48.0,
   "cost": 98.8272,
   "fee_cost": 0.00988272,
   "fee_currency": "USDT",
   "fee_rate": 0.0001,
   "info_execFeeRv": "0.00988272",
   "info_feeRateRr": "0.0001",
   "info_execStatus": "6",
   "info_ordType": "2"
  },
  {
   "id": "22b7817",
   "order": null,
   "symbol": "TON/USDT:USDT",
   "timestamp": 1779340219371,
   "datetime": "2026-05-21T05:10:19.371Z",
   "side": "sell",
   "takerOrMaker": null,
   "price": 2.0618,
   "amount": 48.0,
   "cost": 98.9664,
   "fee_cost": 0.05937984,
   "fee_currency": "USDT",
   "fee_rate": 0.0006,
   "info_execFeeRv": "0.05937984",
   "info_feeRateRr": "0.0006",
   "info_execStatus": "7",
   "info_ordType": "1"
  },
  {
   "id": "e2b72ac",
   "order": null,
   "symbol": "TON/USDT:USDT",
   "timestamp": 1779547381419,
   "datetime": "2026-05-23T14:43:01.419Z",
   "side": "sell",
   "takerOrMaker": null,
   "price": 1.7636,
   "amount": 56.0,
   "cost": 98.7616,
   "fee_cost": 0.00987616,
   "fee_currency": "USDT",
   "fee_rate": 0.0001,
   "info_execFeeRv": "0.00987616",
   "info_feeRateRr": "0.0001",
   "info_execStatus": "6",
   "info_ordType": "2"
  },
  {
   "id": "eb42cb1",
   "order": null,
   "symbol": "TON/USDT:USDT",
   "timestamp": 1779548609579,
   "datetime": "2026-05-23T15:03:29.579Z",
   "side": "buy",
   "takerOrMaker": null,
   "price": 1.7876,
   "amount": 56.0,
   "cost": 100.1056,
   "fee_cost": 0.06006336,
   "fee_currency": "USDT",
   "fee_rate": 0.0006,
   "info_execFeeRv": "0.06006336",
   "info_feeRateRr": "0.0006",
   "info_execStatus": "7",
   "info_ordType": "3"
  },
  {
   "id": "c8733d8",
   "order": null,
   "symbol": "TON/USDT:USDT",
   "timestamp": 1779797214922,
   "datetime": "2026-05-26T12:06:54.922Z",
   "side": "buy",
   "takerOrMaker": null,
   "price": 1.9268,
   "amount": 51.0,
   "cost": 98.2668,
   "fee_cost": 0.00982668,
   "fee_currency": "USDT",
   "fee_rate": 0.0001,
   "info_execFeeRv": "0.00982668",
   "info_feeRateRr": "0.0001",
   "info_execStatus": "6",
   "info_ordType": "2"
  },
  {
   "id": "580883f",
   "order": null,
   "symbol": "TON/USDT:USDT",
   "timestamp": 1779801875158,
   "datetime": "2026-05-26T13:24:35.158Z",
   "side": "sell",
   "takerOrMaker": null,
   "price": 1.9366,
   "amount": 50.0,
   "cost": 96.83,
   "fee_cost": 0.058098,
   "fee_currency": "USDT",
   "fee_rate": 0.0006,
   "info_execFeeRv": "0.058098",
   "info_feeRateRr": "0.0006",
   "info_execStatus": "7",
   "info_ordType": "1"
  },
  {
   "id": "de0f843",
   "order": null,
   "symbol": "TON/USDT:USDT",
   "timestamp": 1779801875158,
   "datetime": "2026-05-26T13:24:35.158Z",
   "side": "sell",
   "takerOrMaker": null,
   "price": 1.9365,
   "amount": 1.0,
   "cost": 1.9365,
   "fee_cost": 0.0011619,
   "fee_currency": "USDT",
   "fee_rate": 0.0006,
   "info_execFeeRv": "0.0011619",
   "info_feeRateRr": "0.0006",
   "info_execStatus": "7",
   "info_ordType": "1"
  },
  {
   "id": "1bdffef",
   "order": null,
   "symbol": "TON/USDT:USDT",
   "timestamp": 1779943268484,
   "datetime": "2026-05-28T04:41:08.484Z",
   "side": "sell",
   "takerOrMaker": null,
   "price": 1.7987,
   "amount": 55.0,
   "cost": 98.9285,
   "fee_cost": 0.00989285,
   "fee_currency": "USDT",
   "fee_rate": 0.0001,
   "info_execFeeRv": "0.00989285",
   "info_feeRateRr": "0.0001",
   "info_execStatus": "6",
   "info_ordType": "2"
  },
  {
   "id": "960244a",
   "order": null,
   "symbol": "TON/USDT:USDT",
   "timestamp": 1779945684203,
   "datetime": "2026-05-28T05:21:24.203Z",
   "side": "buy",
   "takerOrMaker": null,
   "price": 1.7799,
   "amount": 55.0,
   "cost": 97.8945,
   "fee_cost": 0.0587367,
   "fee_currency": "USDT",
   "fee_rate": 0.0006,
   "info_execFeeRv": "0.0587367",
   "info_feeRateRr": "0.0006",
   "info_execStatus": "7",
   "info_ordType": "1"
  },
  {
   "id": "0a58be5",
   "order": null,
   "symbol": "TON/USDT:USDT",
   "timestamp": 1779945696097,
   "datetime": "2026-05-28T05:21:36.097Z",
   "side": "sell",
   "takerOrMaker": null,
   "price": 1.7807,
   "amount": 56.0,
   "cost": 99.7192,
   "fee_cost": 0.00997192,
   "fee_currency": "USDT",
   "fee_rate": 0.0001,
   "info_execFeeRv": "0.00997192",
   "info_feeRateRr": "0.0001",
   "info_execStatus": "6",
   "info_ordType": "2"
  },
  {
   "id": "d80f674",
   "order": null,
   "symbol": "TON/USDT:USDT",
   "timestamp": 1779953049596,
   "datetime": "2026-05-28T07:24:09.596Z",
   "side": "buy",
   "takerOrMaker": null,
   "price": 1.8036,
   "amount": 56.0,
   "cost": 101.0016,
   "fee_cost": 0.06060096,
   "fee_currency": "USDT",
   "fee_rate": 0.0006,
   "info_execFeeRv": "0.06060096",
   "info_feeRateRr": "0.0006",
   "info_execStatus": "7",
   "info_ordType": "3"
  }
 ],
 "TRUMP/USDT:USDT": [],
 "WIF/USDT:USDT": [],
 "WLD/USDT:USDT": [
  {
   "id": "2bb8fda",
   "order": null,
   "symbol": "WLD/USDT:USDT",
   "timestamp": 1779445645299,
   "datetime": "2026-05-22T10:27:25.299Z",
   "side": "buy",
   "takerOrMaker": null,
   "price": 0.2844,
   "amount": 3.0,
   "cost": 0.8532,
   "fee_cost": 8.532e-05,
   "fee_currency": "USDT",
   "fee_rate": 0.0001,
   "info_execFeeRv": "0.00008532",
   "info_feeRateRr": "0.0001",
   "info_execStatus": "6",
   "info_ordType": "2"
  },
  {
   "id": "8252d79",
   "order": null,
   "symbol": "WLD/USDT:USDT",
   "timestamp": 1779445645704,
   "datetime": "2026-05-22T10:27:25.704Z",
   "side": "buy",
   "takerOrMaker": null,
   "price": 0.2844,
   "amount": 349.0,
   "cost": 99.2556,
   "fee_cost": 0.00992556,
   "fee_currency": "USDT",
   "fee_rate": 0.0001,
   "info_execFeeRv": "0.00992556",
   "info_feeRateRr": "0.0001",
   "info_execStatus": "6",
   "info_ordType": "2"
  },
  {
   "id": "98468bb",
   "order": null,
   "symbol": "WLD/USDT:USDT",
   "timestamp": 1779446826903,
   "datetime": "2026-05-22T10:47:06.903Z",
   "side": "sell",
   "takerOrMaker": null,
   "price": 0.2858,
   "amount": 352.0,
   "cost": 100.6016,
   "fee_cost": 0.06036096,
   "fee_currency": "USDT",
   "fee_rate": 0.0006,
   "info_execFeeRv": "0.06036096",
   "info_feeRateRr": "0.0006",
   "info_execStatus": "7",
   "info_ordType": "1"
  },
  {
   "id": "0666379",
   "order": null,
   "symbol": "WLD/USDT:USDT",
   "timestamp": 1779468059675,
   "datetime": "2026-05-22T16:40:59.675Z",
   "side": "buy",
   "takerOrMaker": null,
   "price": 0.2909,
   "amount": 130.0,
   "cost": 37.817,
   "fee_cost": 0.0037817,
   "fee_currency": "USDT",
   "fee_rate": 0.0001,
   "info_execFeeRv": "0.0037817",
   "info_feeRateRr": "0.0001",
   "info_execStatus": "6",
   "info_ordType": "2"
  },
  {
   "id": "6186eb2",
   "order": null,
   "symbol": "WLD/USDT:USDT",
   "timestamp": 1779468059696,
   "datetime": "2026-05-22T16:40:59.696Z",
   "side": "buy",
   "takerOrMaker": null,
   "price": 0.2909,
   "amount": 213.0,
   "cost": 61.9617,
   "fee_cost": 0.00619617,
   "fee_currency": "USDT",
   "fee_rate": 0.0001,
   "info_execFeeRv": "0.00619617",
   "info_feeRateRr": "0.0001",
   "info_execStatus": "6",
   "info_ordType": "2"
  },
  {
   "id": "375aa56",
   "order": null,
   "symbol": "WLD/USDT:USDT",
   "timestamp": 1779468632530,
   "datetime": "2026-05-22T16:50:32.530Z",
   "side": "sell",
   "takerOrMaker": null,
   "price": 0.2928,
   "amount": 343.0,
   "cost": 100.4304,
   "fee_cost": 0.06025824,
   "fee_currency": "USDT",
   "fee_rate": 0.0006,
   "info_execFeeRv": "0.06025824",
   "info_feeRateRr": "0.0006",
   "info_execStatus": "7",
   "info_ordType": "1"
  },
  {
   "id": "316d8c9",
   "order": null,
   "symbol": "WLD/USDT:USDT",
   "timestamp": 1779571608003,
   "datetime": "2026-05-23T21:26:48.003Z",
   "side": "buy",
   "takerOrMaker": null,
   "price": 0.3049,
   "amount": 327.0,
   "cost": 99.7023,
   "fee_cost": 0.00997023,
   "fee_currency": "USDT",
   "fee_rate": 0.0001,
   "info_execFeeRv": "0.00997023",
   "info_feeRateRr": "0.0001",
   "info_execStatus": "6",
   "info_ordType": "2"
  },
  {
   "id": "035747c",
   "order": null,
   "symbol": "WLD/USDT:USDT",
   "timestamp": 1779572879593,
   "datetime": "2026-05-23T21:47:59.593Z",
   "side": "sell",
   "takerOrMaker": null,
   "price": 0.3033,
   "amount": 327.0,
   "cost": 99.1791,
   "fee_cost": 0.05950746,
   "fee_currency": "USDT",
   "fee_rate": 0.0006,
   "info_execFeeRv": "0.05950746",
   "info_feeRateRr": "0.0006",
   "info_execStatus": "7",
   "info_ordType": "1"
  },
  {
   "id": "1d6e824",
   "order": null,
   "symbol": "WLD/USDT:USDT",
   "timestamp": 1779577330957,
   "datetime": "2026-05-23T23:02:10.957Z",
   "side": "buy",
   "takerOrMaker": null,
   "price": 0.3007,
   "amount": 332.0,
   "cost": 99.8324,
   "fee_cost": 0.00998324,
   "fee_currency": "USDT",
   "fee_rate": 0.0001,
   "info_execFeeRv": "0.00998324",
   "info_feeRateRr": "0.0001",
   "info_execStatus": "6",
   "info_ordType": "2"
  },
  {
   "id": "99dcfb9",
   "order": null,
   "symbol": "WLD/USDT:USDT",
   "timestamp": 1779579834198,
   "datetime": "2026-05-23T23:43:54.198Z",
   "side": "sell",
   "takerOrMaker": null,
   "price": 0.2969,
   "amount": 332.0,
   "cost": 98.5708,
   "fee_cost": 0.05914248,
   "fee_currency": "USDT",
   "fee_rate": 0.0006,
   "info_execFeeRv": "0.05914248",
   "info_feeRateRr": "0.0006",
   "info_execStatus": "7",
   "info_ordType": "3"
  },
  {
   "id": "067d8b2",
   "order": null,
   "symbol": "WLD/USDT:USDT",
   "timestamp": 1779766891073,
   "datetime": "2026-05-26T03:41:31.073Z",
   "side": "buy",
   "takerOrMaker": null,
   "price": 0.3302,
   "amount": 302.0,
   "cost": 99.7204,
   "fee_cost": 0.00997204,
   "fee_currency": "USDT",
   "fee_rate": 0.0001,
   "info_execFeeRv": "0.00997204",
   "info_feeRateRr": "0.0001",
   "info_execStatus": "6",
   "info_ordType": "2"
  },
  {
   "id": "de7f3a2",
   "order": null,
   "symbol": "WLD/USDT:USDT",
   "timestamp": 1779768153767,
   "datetime": "2026-05-26T04:02:33.767Z",
   "side": "sell",
   "takerOrMaker": null,
   "price": 0.3318,
   "amount": 302.0,
   "cost": 100.2036,
   "fee_cost": 0.06012216,
   "fee_currency": "USDT",
   "fee_rate": 0.0006,
   "info_execFeeRv": "0.06012216",
   "info_feeRateRr": "0.0006",
   "info_execStatus": "7",
   "info_ordType": "1"
  }
 ],
 "XLM/USDT:USDT": [
  {
   "id": "2c1ff88",
   "order": null,
   "symbol": "XLM/USDT:USDT",
   "timestamp": 1779139862270,
   "datetime": "2026-05-18T21:31:02.270Z",
   "side": "sell",
   "takerOrMaker": null,
   "price": 0.14688,
   "amount": 680.0,
   "cost": 99.8784,
   "fee_cost": 0.00998784,
   "fee_currency": "USDT",
   "fee_rate": 0.0001,
   "info_execFeeRv": "0.00998784",
   "info_feeRateRr": "0.0001",
   "info_execStatus": "6",
   "info_ordType": "2"
  },
  {
   "id": "399d950",
   "order": null,
   "symbol": "XLM/USDT:USDT",
   "timestamp": 1779148801202,
   "datetime": "2026-05-19T00:00:01.202Z",
   "side": "sell",
   "takerOrMaker": null,
   "price": 0.14723,
   "amount": 680.0,
   "cost": 100.1164,
   "fee_cost": -0.00474251,
   "fee_currency": "USDT",
   "fee_rate": -4.737e-05,
   "info_execFeeRv": "-0.00474251",
   "info_feeRateRr": "-0.00004737",
   "info_execStatus": "0",
   "info_ordType": "0"
  },
  {
   "id": "540616a",
   "order": null,
   "symbol": "XLM/USDT:USDT",
   "timestamp": 1779167959337,
   "datetime": "2026-05-19T05:19:19.337Z",
   "side": "buy",
   "takerOrMaker": null,
   "price": 0.14633,
   "amount": 680.0,
   "cost": 99.5044,
   "fee_cost": 0.05970264,
   "fee_currency": "USDT",
   "fee_rate": 0.0006,
   "info_execFeeRv": "0.05970264",
   "info_feeRateRr": "0.0006",
   "info_execStatus": "7",
   "info_ordType": "1"
  },
  {
   "id": "cd182a9",
   "order": null,
   "symbol": "XLM/USDT:USDT",
   "timestamp": 1779204658085,
   "datetime": "2026-05-19T15:30:58.085Z",
   "side": "sell",
   "takerOrMaker": null,
   "price": 0.14487,
   "amount": 691.0,
   "cost": 100.10517,
   "fee_cost": 0.01001052,
   "fee_currency": "USDT",
   "fee_rate": 0.0001,
   "info_execFeeRv": "0.01001052",
   "info_feeRateRr": "0.0001",
   "info_execStatus": "6",
   "info_ordType": "2"
  },
  {
   "id": "a2540f7",
   "order": null,
   "symbol": "XLM/USDT:USDT",
   "timestamp": 1779206401591,
   "datetime": "2026-05-19T16:00:01.591Z",
   "side": "sell",
   "takerOrMaker": null,
   "price": 0.14466,
   "amount": 691.0,
   "cost": 99.96006,
   "fee_cost": -0.0054938,
   "fee_currency": "USDT",
   "fee_rate": -5.496e-05,
   "info_execFeeRv": "-0.0054938",
   "info_feeRateRr": "-0.00005496",
   "info_execStatus": "0",
   "info_ordType": "0"
  },
  {
   "id": "4a5e778",
   "order": null,
   "symbol": "XLM/USDT:USDT",
   "timestamp": 1779222805441,
   "datetime": "2026-05-19T20:33:25.441Z",
   "side": "buy",
   "takerOrMaker": null,
   "price": 0.1434,
   "amount": 691.0,
   "cost": 99.0894,
   "fee_cost": 0.05945364,
   "fee_currency": "USDT",
   "fee_rate": 0.0006,
   "info_execFeeRv": "0.05945364",
   "info_feeRateRr": "0.0006",
   "info_execStatus": "7",
   "info_ordType": "1"
  },
  {
   "id": "369ae1e",
   "order": null,
   "symbol": "XLM/USDT:USDT",
   "timestamp": 1779538976159,
   "datetime": "2026-05-23T12:22:56.159Z",
   "side": "sell",
   "takerOrMaker": null,
   "price": 0.1411,
   "amount": 708.0,
   "cost": 99.8988,
   "fee_cost": 0.00998988,
   "fee_currency": "USDT",
   "fee_rate": 0.0001,
   "info_execFeeRv": "0.00998988",
   "info_feeRateRr": "0.0001",
   "info_execStatus": "6",
   "info_ordType": "2"
  },
  {
   "id": "ce1d320",
   "order": null,
   "symbol": "XLM/USDT:USDT",
   "timestamp": 1779541605405,
   "datetime": "2026-05-23T13:06:45.405Z",
   "side": "buy",
   "takerOrMaker": null,
   "price": 0.14287,
   "amount": 708.0,
   "cost": 101.15196,
   "fee_cost": 0.06069118,
   "fee_currency": "USDT",
   "fee_rate": 0.0006,
   "info_execFeeRv": "0.06069118",
   "info_feeRateRr": "0.0006",
   "info_execStatus": "7",
   "info_ordType": "3"
  }
 ],
 "XRP/USDT:USDT": [
  {
   "id": "2771a86",
   "order": null,
   "symbol": "XRP/USDT:USDT",
   "timestamp": 1778792578212,
   "datetime": "2026-05-14T21:02:58.212Z",
   "side": "buy",
   "takerOrMaker": null,
   "price": 1.5048,
   "amount": 66.44,
   "cost": 99.978912,
   "fee_cost": 0.00999789,
   "fee_currency": "USDT",
   "fee_rate": 0.0001,
   "info_execFeeRv": "0.00999789",
   "info_feeRateRr": "0.0001",
   "info_execStatus": "6",
   "info_ordType": "2"
  },
  {
   "id": "510f233",
   "order": null,
   "symbol": "XRP/USDT:USDT",
   "timestamp": 1778802367066,
   "datetime": "2026-05-14T23:46:07.066Z",
   "side": "sell",
   "takerOrMaker": null,
   "price": 1.486,
   "amount": 66.44,
   "cost": 98.72984,
   "fee_cost": 0.0592379,
   "fee_currency": "USDT",
   "fee_rate": 0.0006,
   "info_execFeeRv": "0.0592379",
   "info_feeRateRr": "0.0006",
   "info_execStatus": "7",
   "info_ordType": "3"
  },
  {
   "id": "6404acc",
   "order": null,
   "symbol": "XRP/USDT:USDT",
   "timestamp": 1779120150911,
   "datetime": "2026-05-18T16:02:30.911Z",
   "side": "sell",
   "takerOrMaker": null,
   "price": 1.3754,
   "amount": 72.71,
   "cost": 100.005334,
   "fee_cost": 0.01000053,
   "fee_currency": "USDT",
   "fee_rate": 0.0001,
   "info_execFeeRv": "0.01000053",
   "info_feeRateRr": "0.0001",
   "info_execStatus": "6",
   "info_ordType": "2"
  },
  {
   "id": "aaba539",
   "order": null,
   "symbol": "XRP/USDT:USDT",
   "timestamp": 1779129005210,
   "datetime": "2026-05-18T18:30:05.210Z",
   "side": "buy",
   "takerOrMaker": null,
   "price": 1.3692,
   "amount": 72.71,
   "cost": 99.554532,
   "fee_cost": 0.05973272,
   "fee_currency": "USDT",
   "fee_rate": 0.0006,
   "info_execFeeRv": "0.05973272",
   "info_feeRateRr": "0.0006",
   "info_execStatus": "7",
   "info_ordType": "1"
  }
 ],
 "ZEC/USDT:USDT": [
  {
   "id": "2ec8d91",
   "order": null,
   "symbol": "ZEC/USDT:USDT",
   "timestamp": 1777907267945,
   "datetime": "2026-05-04T15:07:47.945Z",
   "side": "buy",
   "takerOrMaker": null,
   "price": 413.15,
   "amount": 0.24,
   "cost": 99.156,
   "fee_cost": 0.0099156,
   "fee_currency": "USDT",
   "fee_rate": 0.0001,
   "info_execFeeRv": "0.0099156",
   "info_feeRateRr": "0.0001",
   "info_execStatus": "6",
   "info_ordType": "2"
  },
  {
   "id": "417ef29",
   "order": null,
   "symbol": "ZEC/USDT:USDT",
   "timestamp": 1777908055843,
   "datetime": "2026-05-04T15:20:55.843Z",
   "side": "sell",
   "takerOrMaker": null,
   "price": 409.64,
   "amount": 0.24,
   "cost": 98.3136,
   "fee_cost": 0.00983136,
   "fee_currency": "USDT",
   "fee_rate": 0.0001,
   "info_execFeeRv": "0.00983136",
   "info_feeRateRr": "0.0001",
   "info_execStatus": "6",
   "info_ordType": "2"
  },
  {
   "id": "99c6aad",
   "order": null,
   "symbol": "ZEC/USDT:USDT",
   "timestamp": 1779804336582,
   "datetime": "2026-05-26T14:05:36.582Z",
   "side": "sell",
   "takerOrMaker": null,
   "price": 621.38,
   "amount": 0.16,
   "cost": 99.4208,
   "fee_cost": 0.00994208,
   "fee_currency": "USDT",
   "fee_rate": 0.0001,
   "info_execFeeRv": "0.00994208",
   "info_feeRateRr": "0.0001",
   "info_execStatus": "6",
   "info_ordType": "2"
  },
  {
   "id": "d10b04c",
   "order": null,
   "symbol": "ZEC/USDT:USDT",
   "timestamp": 1779806222960,
   "datetime": "2026-05-26T14:37:02.960Z",
   "side": "buy",
   "takerOrMaker": null,
   "price": 617.25,
   "amount": 0.16,
   "cost": 98.76,
   "fee_cost": 0.059256,
   "fee_currency": "USDT",
   "fee_rate": 0.0006,
   "info_execFeeRv": "0.059256",
   "info_feeRateRr": "0.0006",
   "info_execStatus": "7",
   "info_ordType": "1"
  }
 ]
}